%% This BibTeX bibliography file was created using BibDesk.
%% http://bibdesk.sourceforge.net/


%% Created for Florent Jacquemard at 2021-05-03 16:54:37 +0200 


%% Saved with string encoding Unicode (UTF-8) 



@book{Eilenberg74automata,
	author = {Eilenberg, Samuel},
	date-added = {2021-05-03 16:54:35 +0200},
	date-modified = {2021-05-03 16:54:35 +0200},
	number = {59},
	publisher = {Academic press},
	series = {Pure and Applied Mathematics},
	title = {Automata, Languages, and Machines},
	volume = {A},
	year = {1974}}

@article{Goodman99SemiringParsing,
	abstract = {We synthesize work on parsing algorithms, deductive parsing, and the theory of algebra applied to formal languages into a general system for describing parsers. Each parser performs abstract computations using the operations of a semiring. The system allows a single, simple representation to be used for describing parsers that compute recognition, derivation forests, Viterbi, n-best, inside values, and other values, simply by substituting the operations of different semirings. We also show how to use the same representation, interpreted differently, to compute outside values. The system can be used to describe a wide variety of parsers, including Earley's algorithm, tree adjoining grammar parsing, Graham Harrison Ruzzo parsing, and prefix value computation.},
	author = {Goodman, Joshua},
	date-added = {2021-05-03 16:48:57 +0200},
	date-modified = {2021-05-03 16:49:30 +0200},
	journal = {Computational Linguistics},
	number = {4},
	pages = {573--606},
	title = {Semiring parsing},
	volume = {25},
	year = {1999},
	Bdsk-File-1 = {YnBsaXN0MDDSAQIDBFxyZWxhdGl2ZVBhdGhZYWxpYXNEYXRhXxBiLi4vLi4vLi4vTGlicmFyeS9Nb2JpbGUgRG9jdW1lbnRzL2NvbX5hcHBsZX5DbG91ZERvY3MvQmlibGlvL0FydGljbGVzL0dvb2RtYW45OVNlbWlyaW5nUGFyc2luZy5wZGZPEQHeAAAAAAHeAAIAAAdzeXN0ZW1lAAAAAAAAAAAAAAAAAAAAAAAAAAAAAAAAQkQAAf////8cR29vZG1hbjk5U2VtaXJpbmdQYXJzaW5nLnBkZgAAAAAAAAAAAAAAAAAAAAAAAAAAAAAAAAAAAAAAAAAAAAAA/////wAAAAAAAAAAAAAAAAADAAYAAAogY3UAAAAAAAAAAAAAAAAACEFydGljbGVzAAIAai86VXNlcnM6amFjcXVlbWE6TGlicmFyeTpNb2JpbGUgRG9jdW1lbnRzOmNvbX5hcHBsZX5DbG91ZERvY3M6QmlibGlvOkFydGljbGVzOkdvb2RtYW45OVNlbWlyaW5nUGFyc2luZy5wZGYADgA6ABwARwBvAG8AZABtAGEAbgA5ADkAUwBlAG0AaQByAGkAbgBnAFAAYQByAHMAaQBuAGcALgBwAGQAZgAPABAABwBzAHkAcwB0AGUAbQBlABIAaFVzZXJzL2phY3F1ZW1hL0xpYnJhcnkvTW9iaWxlIERvY3VtZW50cy9jb21+YXBwbGV+Q2xvdWREb2NzL0JpYmxpby9BcnRpY2xlcy9Hb29kbWFuOTlTZW1pcmluZ1BhcnNpbmcucGRmABMAAS8AABUAAgAP//8AAAAIAA0AGgAkAIkAAAAAAAACAQAAAAAAAAAFAAAAAAAAAAAAAAAAAAACaw==}}

@incollection{Mahr84semirings,
	author = {Mahr, Bernd},
	booktitle = {North-Holland mathematics studies},
	date-added = {2021-05-03 16:21:11 +0200},
	date-modified = {2021-05-03 16:21:23 +0200},
	pages = {229--256},
	publisher = {Elsevier},
	title = {Iteration and summability in semirings},
	volume = {95},
	year = {1984}}

@inproceedings{MorbitzVogler19weighted-parsing,
	abstract = {We develop a general framework for weighted parsing which is built on top of grammar-based language models and employs flexible weight algebras. It generalizes previous work in that area (semiring parsing, weighted deductive parsing) and also covers applications outside the classical scope of parsing, e.g., algebraic dynamic programming. We show an algorithm which terminates and is correct for a large class of weighted grammar-based language models.},
	address = {Dresden, Germany},
	author = {M{\"o}rbitz, Richard and Vogler, Heiko},
	booktitle = {Proceedings of the 14th International Conference on Finite-State Methods and Natural Language Processing},
	date-added = {2021-05-03 15:54:47 +0200},
	date-modified = {2021-05-03 15:55:05 +0200},
	doi = {10.18653/v1/W19-3108},
	month = sep,
	pages = {46--55},
	publisher = {Association for Computational Linguistics},
	title = {Weighted parsing for grammar-based language models},
	url = {https://www.aclweb.org/anthology/W19-3108},
	year = {2019},
	Bdsk-Url-1 = {https://www.aclweb.org/anthology/W19-3108},
	Bdsk-Url-2 = {https://doi.org/10.18653/v1/W19-3108},
	Bdsk-File-1 = {YnBsaXN0MDDSAQIDBFxyZWxhdGl2ZVBhdGhZYWxpYXNEYXRhXxBpLi4vLi4vLi4vTGlicmFyeS9Nb2JpbGUgRG9jdW1lbnRzL2NvbX5hcHBsZX5DbG91ZERvY3MvQmlibGlvL0FydGljbGVzL01vcmJpdHpWb2dsZXIxOXdlaWdodGVkLXBhcnNpbmcucGRmTxEB/AAAAAAB/AACAAAHc3lzdGVtZQAAAAAAAAAAAAAAAAAAAAAAAAAAAAAAAEJEAAH/////H01vcmJpdHpWb2dsZXIxOXdlaSNGRkZGRkZGRi5wZGYAAAAAAAAAAAAAAAAAAAAAAAAAAAAAAAAAAAAAAAAAAP////8AAAAAAAAAAAAAAAAAAwAGAAAKIGN1AAAAAAAAAAAAAAAAAAhBcnRpY2xlcwACAHEvOlVzZXJzOmphY3F1ZW1hOkxpYnJhcnk6TW9iaWxlIERvY3VtZW50czpjb21+YXBwbGV+Q2xvdWREb2NzOkJpYmxpbzpBcnRpY2xlczpNb3JiaXR6Vm9nbGVyMTl3ZWlnaHRlZC1wYXJzaW5nLnBkZgAADgBIACMATQBvAHIAYgBpAHQAegBWAG8AZwBsAGUAcgAxADkAdwBlAGkAZwBoAHQAZQBkAC0AcABhAHIAcwBpAG4AZwAuAHAAZABmAA8AEAAHAHMAeQBzAHQAZQBtAGUAEgBvVXNlcnMvamFjcXVlbWEvTGlicmFyeS9Nb2JpbGUgRG9jdW1lbnRzL2NvbX5hcHBsZX5DbG91ZERvY3MvQmlibGlvL0FydGljbGVzL01vcmJpdHpWb2dsZXIxOXdlaWdodGVkLXBhcnNpbmcucGRmAAATAAEvAAAVAAIAD///AAAACAANABoAJACQAAAAAAAAAgEAAAAAAAAABQAAAAAAAAAAAAAAAAAAApA=}}

@inproceedings{Mohri15compression,
	abstract = {We present a theoretical framework for the compression of automata, which are widely used representations in speech processing, natural language processing and many other tasks. As a corollary, our framework further covers graph compression. We introduce a probabilistic process of graph and automata generation that is similar to stationary ergodic processes and that covers real-world phenomena. We also introduce a universal compression scheme LZA for this probabilistic model and show that LZA significantly outperforms other compression techniques such as gzip and the UNIX compress command for several synthetic and real data sets.},
	author = {Mohri, Mehryar and Riley, Michael and Suresh, Ananda Theertha},
	booktitle = {2015 IEEE International Symposium on Information Theory (ISIT)},
	date-added = {2021-05-01 19:27:17 +0200},
	date-modified = {2021-05-01 19:28:24 +0200},
	organization = {IEEE},
	pages = {2989--2993},
	title = {Automata and graph compression},
	year = {2015},
	Bdsk-File-1 = {YnBsaXN0MDDSAQIDBFxyZWxhdGl2ZVBhdGhZYWxpYXNEYXRhXxBcLi4vLi4vLi4vTGlicmFyeS9Nb2JpbGUgRG9jdW1lbnRzL2NvbX5hcHBsZX5DbG91ZERvY3MvQmlibGlvL0FydGljbGVzL01vaHJpMTVjb21wcmVzc2lvbi5wZGZPEQHGAAAAAAHGAAIAAAdzeXN0ZW1lAAAAAAAAAAAAAAAAAAAAAAAAAAAAAAAAQkQAAf////8WTW9ocmkxNWNvbXByZXNzaW9uLnBkZgAAAAAAAAAAAAAAAAAAAAAAAAAAAAAAAAAAAAAAAAAAAAAAAAAAAAAA/////wAAAAAAAAAAAAAAAAADAAYAAAogY3UAAAAAAAAAAAAAAAAACEFydGljbGVzAAIAZC86VXNlcnM6amFjcXVlbWE6TGlicmFyeTpNb2JpbGUgRG9jdW1lbnRzOmNvbX5hcHBsZX5DbG91ZERvY3M6QmlibGlvOkFydGljbGVzOk1vaHJpMTVjb21wcmVzc2lvbi5wZGYADgAuABYATQBvAGgAcgBpADEANQBjAG8AbQBwAHIAZQBzAHMAaQBvAG4ALgBwAGQAZgAPABAABwBzAHkAcwB0AGUAbQBlABIAYlVzZXJzL2phY3F1ZW1hL0xpYnJhcnkvTW9iaWxlIERvY3VtZW50cy9jb21+YXBwbGV+Q2xvdWREb2NzL0JpYmxpby9BcnRpY2xlcy9Nb2hyaTE1Y29tcHJlc3Npb24ucGRmABMAAS8AABUAAgAP//8AAAAIAA0AGgAkAIMAAAAAAAACAQAAAAAAAAAFAAAAAAAAAAAAAAAAAAACTQ==}}

@article{Mohri09music,
	abstract = {We present an approach to music identification based on weighted finite-state transducers and Gaussian mixture models, inspired by techniques used in large-vocabulary speech recognition. Our modeling approach is based on learning a set of elementary music sounds in a fully unsupervised manner. While the space of possible music sound sequences is very large, our method enables the construction of a compact and efficient representation for the song collection using finite-state transducers. This paper gives a novel and substantially faster algorithm for the construction of factor transducers, the key representation of song snippets supporting our music identification technique. The complexity of our algorithm is linear with respect to the size of the suffix automaton constructed. Our experiments further show that it helps speed up the construction of the weighted suffix automaton in our task by a factor of 17 with respect to our previous method using the intermediate steps of determinization and minimization. We show that, using these techniques, a large-scale music identification system can be constructed for a database of over 15 000 songs while achieving an identification accuracy of 99.4% on undistorted test data, and performing robustly in the presence of noise and distortions.},
	author = {Mohri, Mehryar and Moreno, Pedro J and Weinstein, Eugene},
	date-added = {2021-05-01 19:25:02 +0200},
	date-modified = {2021-05-01 19:25:38 +0200},
	journal = {IEEE transactions on audio, speech, and language processing},
	number = {1},
	pages = {197--207},
	publisher = {IEEE},
	title = {Efficient and robust music identification with weighted finite-state transducers},
	volume = {18},
	year = {2009},
	Bdsk-File-1 = {YnBsaXN0MDDSAQIDBFxyZWxhdGl2ZVBhdGhZYWxpYXNEYXRhXxBWLi4vLi4vLi4vTGlicmFyeS9Nb2JpbGUgRG9jdW1lbnRzL2NvbX5hcHBsZX5DbG91ZERvY3MvQmlibGlvL0FydGljbGVzL01vaHJpMDl0YXNscC5wZGZPEQGuAAAAAAGuAAIAAAdzeXN0ZW1lAAAAAAAAAAAAAAAAAAAAAAAAAAAAAAAAQkQAAf////8QTW9ocmkwOXRhc2xwLnBkZgAAAAAAAAAAAAAAAAAAAAAAAAAAAAAAAAAAAAAAAAAAAAAAAAAAAAAAAAAAAAAA/////wAAAAAAAAAAAAAAAAADAAYAAAogY3UAAAAAAAAAAAAAAAAACEFydGljbGVzAAIAXi86VXNlcnM6amFjcXVlbWE6TGlicmFyeTpNb2JpbGUgRG9jdW1lbnRzOmNvbX5hcHBsZX5DbG91ZERvY3M6QmlibGlvOkFydGljbGVzOk1vaHJpMDl0YXNscC5wZGYADgAiABAATQBvAGgAcgBpADAAOQB0AGEAcwBsAHAALgBwAGQAZgAPABAABwBzAHkAcwB0AGUAbQBlABIAXFVzZXJzL2phY3F1ZW1hL0xpYnJhcnkvTW9iaWxlIERvY3VtZW50cy9jb21+YXBwbGV+Q2xvdWREb2NzL0JpYmxpby9BcnRpY2xlcy9Nb2hyaTA5dGFzbHAucGRmABMAAS8AABUAAgAP//8AAAAIAA0AGgAkAH0AAAAAAAACAQAAAAAAAAAFAAAAAAAAAAAAAAAAAAACLw==}}

@inproceedings{dAntoni19symbolicRA,
	abstract = {Symbolic Finite Automata and Register Automata are two orthogonal extensions of finite automata motivated by real-world problems where data may have unbounded domains. These automata address a demand for a model over large or infinite alphabets, respectively. Both automata models have interesting applications and have been successful in their own right. In this paper, we introduce Symbolic Register Au- tomata, a new model that combines features from both symbolic and register automata, with a view on applications that were previously out of reach. We study their properties and provide algorithms for emptiness, inclusion and equivalence checking, together with experimental results.},
	author = {D'Antoni, Loris and Ferreira, Tiago and Sammartino, Matteo and Silva, Alexandra},
	booktitle = {International Conference on Computer Aided Verification},
	date-added = {2021-05-01 19:14:05 +0200},
	date-modified = {2021-05-01 19:14:36 +0200},
	organization = {Springer},
	pages = {3--21},
	title = {Symbolic register automata},
	year = {2019},
	Bdsk-File-1 = {YnBsaXN0MDDSAQIDBFxyZWxhdGl2ZVBhdGhZYWxpYXNEYXRhXxBdLi4vLi4vLi4vTGlicmFyeS9Nb2JpbGUgRG9jdW1lbnRzL2NvbX5hcHBsZX5DbG91ZERvY3MvQmlibGlvL0FydGljbGVzL2RBbnRvbmkxOXN5bWJvbGljUkEucGRmTxEBzAAAAAABzAACAAAHc3lzdGVtZQAAAAAAAAAAAAAAAAAAAAAAAAAAAAAAAEJEAAH/////F2RBbnRvbmkxOXN5bWJvbGljUkEucGRmAAAAAAAAAAAAAAAAAAAAAAAAAAAAAAAAAAAAAAAAAAAAAAAAAAAAAP////8AAAAAAAAAAAAAAAAAAwAGAAAKIGN1AAAAAAAAAAAAAAAAAAhBcnRpY2xlcwACAGUvOlVzZXJzOmphY3F1ZW1hOkxpYnJhcnk6TW9iaWxlIERvY3VtZW50czpjb21+YXBwbGV+Q2xvdWREb2NzOkJpYmxpbzpBcnRpY2xlczpkQW50b25pMTlzeW1ib2xpY1JBLnBkZgAADgAwABcAZABBAG4AdABvAG4AaQAxADkAcwB5AG0AYgBvAGwAaQBjAFIAQQAuAHAAZABmAA8AEAAHAHMAeQBzAHQAZQBtAGUAEgBjVXNlcnMvamFjcXVlbWEvTGlicmFyeS9Nb2JpbGUgRG9jdW1lbnRzL2NvbX5hcHBsZX5DbG91ZERvY3MvQmlibGlvL0FydGljbGVzL2RBbnRvbmkxOXN5bWJvbGljUkEucGRmAAATAAEvAAAVAAIAD///AAAACAANABoAJACEAAAAAAAAAgEAAAAAAAAABQAAAAAAAAAAAAAAAAAAAlQ=}}

@article{DAntoni17MSOFS,
	abstract = {We extend the weak monadic second-order logic of one successor for finite strings (M2L-STR) to symbolic alphabets by allowing character predicates to range over decidable quantifier free theories instead of finite alphabets. We call this logic, which is able to describe sequences over complex and potentially infinite domains, symbolic M2L-STR (S-M2L-STR). 
We present a decision procedure for S-M2L-STR based on a reduction to symbolic finite automata, a decidable extension of finite automata that allows transitions to carry predicates and can therefore model complex alphabets. The reduction constructs a symbolic automaton over an alphabet consisting of pairs of symbols where the first element of each pair is a symbol in the original formula's alphabet, while the second element is a bit-vector. To handle this modified alphabet we show that the Cartesian product of two decidable Boolean algebras, e.g., the product of formula's algebra and bit-vector's algebra, also forms a decidable Boolean algebra. T
o make the decision procedure practical, we propose two efficient representations of the Cartesian product of two Boolean algebras, one based on algebraic decision dia- grams and one on a variant of Shannon expansions. 
Finally, we implement our decision procedure and evaluate it on more than 10,000 formulas. Despite the generality, our implementation has comparable performance with the state-of-the-art M2L-STR solvers.},
	author = {D'Antoni, Loris and Veanes, Margus},
	date-added = {2021-05-01 19:07:37 +0200},
	date-modified = {2021-05-01 19:08:16 +0200},
	journal = {ACM SIGPLAN Notices},
	number = {1},
	pages = {232--245},
	publisher = {ACM New York, NY, USA},
	title = {Monadic second-order logic on finite sequences},
	volume = {52},
	year = {2017},
	Bdsk-File-1 = {YnBsaXN0MDDSAQIDBFxyZWxhdGl2ZVBhdGhZYWxpYXNEYXRhXxBYLi4vLi4vLi4vTGlicmFyeS9Nb2JpbGUgRG9jdW1lbnRzL2NvbX5hcHBsZX5DbG91ZERvY3MvQmlibGlvL0FydGljbGVzL2RBbnRvbmkxN01TT0ZTLnBkZk8RAbYAAAAAAbYAAgAAB3N5c3RlbWUAAAAAAAAAAAAAAAAAAAAAAAAAAAAAAABCRAAB/////xJkQW50b25pMTdNU09GUy5wZGYAAAAAAAAAAAAAAAAAAAAAAAAAAAAAAAAAAAAAAAAAAAAAAAAAAAAAAAAAAAD/////AAAAAAAAAAAAAAAAAAMABgAACiBjdQAAAAAAAAAAAAAAAAAIQXJ0aWNsZXMAAgBgLzpVc2VyczpqYWNxdWVtYTpMaWJyYXJ5Ok1vYmlsZSBEb2N1bWVudHM6Y29tfmFwcGxlfkNsb3VkRG9jczpCaWJsaW86QXJ0aWNsZXM6ZEFudG9uaTE3TVNPRlMucGRmAA4AJgASAGQAQQBuAHQAbwBuAGkAMQA3AE0AUwBPAEYAUwAuAHAAZABmAA8AEAAHAHMAeQBzAHQAZQBtAGUAEgBeVXNlcnMvamFjcXVlbWEvTGlicmFyeS9Nb2JpbGUgRG9jdW1lbnRzL2NvbX5hcHBsZX5DbG91ZERvY3MvQmlibGlvL0FydGljbGVzL2RBbnRvbmkxN01TT0ZTLnBkZgATAAEvAAAVAAIAD///AAAACAANABoAJAB/AAAAAAAAAgEAAAAAAAAABQAAAAAAAAAAAAAAAAAAAjk=}}

@article{Cont10TPAMI,
	author = {Cont, Arshia},
	date-added = {2021-05-01 11:43:02 +0200},
	date-modified = {2021-05-01 11:43:02 +0200},
	journal = {IEEE Transaction on Pattern Analysis and Machine Intelligence},
	number = {6},
	pages = {974-987},
	title = {A coupled duration-focused architecture for realtime music to score alignment},
	volume = {32},
	year = {2010},
	Bdsk-File-1 = {YnBsaXN0MDDSAQIDBFxyZWxhdGl2ZVBhdGhZYWxpYXNEYXRhXxBVLi4vLi4vLi4vTGlicmFyeS9Nb2JpbGUgRG9jdW1lbnRzL2NvbX5hcHBsZX5DbG91ZERvY3MvQmlibGlvL0FydGljbGVzL0NvbnQxMFRQQU1JLnBkZk8RAawAAAAAAawAAgAAB3N5c3RlbWUAAAAAAAAAAAAAAAAAAAAAAAAAAAAAAABCRAAB/////w9Db250MTBUUEFNSS5wZGYAAAAAAAAAAAAAAAAAAAAAAAAAAAAAAAAAAAAAAAAAAAAAAAAAAAAAAAAAAAAAAAD/////AAAAAAAAAAAAAAAAAAMABgAACiBjdQAAAAAAAAAAAAAAAAAIQXJ0aWNsZXMAAgBdLzpVc2VyczpqYWNxdWVtYTpMaWJyYXJ5Ok1vYmlsZSBEb2N1bWVudHM6Y29tfmFwcGxlfkNsb3VkRG9jczpCaWJsaW86QXJ0aWNsZXM6Q29udDEwVFBBTUkucGRmAAAOACAADwBDAG8AbgB0ADEAMABUAFAAQQBNAEkALgBwAGQAZgAPABAABwBzAHkAcwB0AGUAbQBlABIAW1VzZXJzL2phY3F1ZW1hL0xpYnJhcnkvTW9iaWxlIERvY3VtZW50cy9jb21+YXBwbGV+Q2xvdWREb2NzL0JpYmxpby9BcnRpY2xlcy9Db250MTBUUEFNSS5wZGYAABMAAS8AABUAAgAP//8AAAAIAA0AGgAkAHwAAAAAAAACAQAAAAAAAAAFAAAAAAAAAAAAAAAAAAACLA==}}

@article{LargeJones99tempo,
	author = {Large, Edward W and Jones, Mari Riess},
	date-added = {2021-05-01 11:42:23 +0200},
	date-modified = {2021-05-01 11:42:23 +0200},
	journal = {Psychological review},
	keywords = {tempo},
	number = {1},
	pages = {119},
	publisher = {American Psychological Association},
	title = {The dynamics of attending: How people track time-varying events.},
	volume = {106},
	year = {1999}}

@article{Large01tempo,
	author = {Edward W. Large},
	date-added = {2021-05-01 11:37:27 +0200},
	date-modified = {2021-05-01 11:37:27 +0200},
	journal = {Journal of New Music Research},
	pages = {173-185},
	title = {Periodicity, pattern formation, and metric structure},
	volume = {22},
	year = {2001}}

@electronic{SMF,
	author = {MIDI association},
	date-added = {2021-05-01 11:10:24 +0200},
	date-modified = {2021-05-01 11:12:21 +0200},
	title = {Standard MIDI Files Specification},
	url = {https://www.midi.org/specifications/file-format-specifications/standard-midi-files},
	Bdsk-Url-1 = {https://www.midi.org/specifications/file-format-specifications/standard-midi-files}}

@article{Benetos18AMTsurvey,
	author = {Benetos, Emmanouil and Dixon, Simon and Duan, Zhiyao and Ewert, Sebastian},
	date-added = {2021-05-01 11:08:11 +0200},
	date-modified = {2021-05-01 11:08:11 +0200},
	journal = {IEEE Signal Processing Magazine},
	number = {1},
	pages = {20--30},
	publisher = {IEEE},
	title = {Automatic Music Transcription: An Overview},
	volume = {36},
	year = {2018},
	Bdsk-File-1 = {YnBsaXN0MDDSAQIDBFxyZWxhdGl2ZVBhdGhZYWxpYXNEYXRhXxBbLi4vLi4vLi4vTGlicmFyeS9Nb2JpbGUgRG9jdW1lbnRzL2NvbX5hcHBsZX5DbG91ZERvY3MvQmlibGlvL1N1cnZleXMvQmVuZXRvczE5QU1Uc3VydmV5LnBkZk8RAcYAAAAAAcYAAgAAB3N5c3RlbWUAAAAAAAAAAAAAAAAAAAAAAAAAAAAAAABCRAAB/////xZCZW5ldG9zMTlBTVRzdXJ2ZXkucGRmAAAAAAAAAAAAAAAAAAAAAAAAAAAAAAAAAAAAAAAAAAAAAAAAAAAAAAD/////AAAAAAAAAAAAAAAAAAMABgAACiBjdQAAAAAAAAAAAAAAAAAHU3VydmV5cwAAAgBjLzpVc2VyczpqYWNxdWVtYTpMaWJyYXJ5Ok1vYmlsZSBEb2N1bWVudHM6Y29tfmFwcGxlfkNsb3VkRG9jczpCaWJsaW86U3VydmV5czpCZW5ldG9zMTlBTVRzdXJ2ZXkucGRmAAAOAC4AFgBCAGUAbgBlAHQAbwBzADEAOQBBAE0AVABzAHUAcgB2AGUAeQAuAHAAZABmAA8AEAAHAHMAeQBzAHQAZQBtAGUAEgBhVXNlcnMvamFjcXVlbWEvTGlicmFyeS9Nb2JpbGUgRG9jdW1lbnRzL2NvbX5hcHBsZX5DbG91ZERvY3MvQmlibGlvL1N1cnZleXMvQmVuZXRvczE5QU1Uc3VydmV5LnBkZgAAEwABLwAAFQACAA///wAAAAgADQAaACQAggAAAAAAAAIBAAAAAAAAAAUAAAAAAAAAAAAAAAAAAAJM}}

@inproceedings{Veanes13ciaa,
	author = {Veanes, Margus},
	booktitle = {International Conference on Implementation and Application of Automata},
	date-added = {2021-04-29 19:03:04 +0200},
	date-modified = {2021-04-29 19:03:04 +0200},
	organization = {Springer},
	pages = {16--23},
	title = {Applications of symbolic finite automata},
	year = {2013},
	Bdsk-File-1 = {YnBsaXN0MDDSAQIDBFxyZWxhdGl2ZVBhdGhZYWxpYXNEYXRhXxBWLi4vLi4vLi4vTGlicmFyeS9Nb2JpbGUgRG9jdW1lbnRzL2NvbX5hcHBsZX5DbG91ZERvY3MvQmlibGlvL0FydGljbGVzL1ZlYW5lczEzY2lhYS5wZGZPEQGuAAAAAAGuAAIAAAdzeXN0ZW1lAAAAAAAAAAAAAAAAAAAAAAAAAAAAAAAAQkQAAf////8QVmVhbmVzMTNjaWFhLnBkZgAAAAAAAAAAAAAAAAAAAAAAAAAAAAAAAAAAAAAAAAAAAAAAAAAAAAAAAAAAAAAA/////wAAAAAAAAAAAAAAAAADAAYAAAogY3UAAAAAAAAAAAAAAAAACEFydGljbGVzAAIAXi86VXNlcnM6amFjcXVlbWE6TGlicmFyeTpNb2JpbGUgRG9jdW1lbnRzOmNvbX5hcHBsZX5DbG91ZERvY3M6QmlibGlvOkFydGljbGVzOlZlYW5lczEzY2lhYS5wZGYADgAiABAAVgBlAGEAbgBlAHMAMQAzAGMAaQBhAGEALgBwAGQAZgAPABAABwBzAHkAcwB0AGUAbQBlABIAXFVzZXJzL2phY3F1ZW1hL0xpYnJhcnkvTW9iaWxlIERvY3VtZW50cy9jb21+YXBwbGV+Q2xvdWREb2NzL0JpYmxpby9BcnRpY2xlcy9WZWFuZXMxM2NpYWEucGRmABMAAS8AABUAAgAP//8AAAAIAA0AGgAkAH0AAAAAAAACAQAAAAAAAAAFAAAAAAAAAAAAAAAAAAACLw==}}

@inproceedings{veanes2012symbolic,
	author = {Veanes, Margus and Hooimeijer, Pieter and Livshits, Benjamin and Molnar, David and Bjorner, Nikolaj},
	booktitle = {Proceedings of the 39th annual ACM SIGPLAN-SIGACT symposium on Principles of programming languages},
	date-added = {2021-04-29 18:58:26 +0200},
	date-modified = {2021-04-29 18:58:26 +0200},
	pages = {137--150},
	title = {Symbolic finite state transducers: Algorithms and applications},
	year = {2012},
	Bdsk-File-1 = {YnBsaXN0MDDSAQIDBFxyZWxhdGl2ZVBhdGhZYWxpYXNEYXRhXxBWLi4vLi4vLi4vTGlicmFyeS9Nb2JpbGUgRG9jdW1lbnRzL2NvbX5hcHBsZX5DbG91ZERvY3MvQmlibGlvL0FydGljbGVzL1ZlYW5lczEycG9wbC5wZGZPEQGuAAAAAAGuAAIAAAdzeXN0ZW1lAAAAAAAAAAAAAAAAAAAAAAAAAAAAAAAAQkQAAf////8QVmVhbmVzMTJwb3BsLnBkZgAAAAAAAAAAAAAAAAAAAAAAAAAAAAAAAAAAAAAAAAAAAAAAAAAAAAAAAAAAAAAA/////wAAAAAAAAAAAAAAAAADAAYAAAogY3UAAAAAAAAAAAAAAAAACEFydGljbGVzAAIAXi86VXNlcnM6amFjcXVlbWE6TGlicmFyeTpNb2JpbGUgRG9jdW1lbnRzOmNvbX5hcHBsZX5DbG91ZERvY3M6QmlibGlvOkFydGljbGVzOlZlYW5lczEycG9wbC5wZGYADgAiABAAVgBlAGEAbgBlAHMAMQAyAHAAbwBwAGwALgBwAGQAZgAPABAABwBzAHkAcwB0AGUAbQBlABIAXFVzZXJzL2phY3F1ZW1hL0xpYnJhcnkvTW9iaWxlIERvY3VtZW50cy9jb21+YXBwbGV+Q2xvdWREb2NzL0JpYmxpby9BcnRpY2xlcy9WZWFuZXMxMnBvcGwucGRmABMAAS8AABUAAgAP//8AAAAIAA0AGgAkAH0AAAAAAAACAQAAAAAAAAAFAAAAAAAAAAAAAAAAAAACLw==}}

@incollection{casati:hal-01508479,
	author = {Casati, Roberto},
	booktitle = {{The Theory and Practice of Ontology}},
	date-added = {2021-04-29 09:58:09 +0200},
	date-modified = {2021-04-29 09:58:09 +0200},
	doi = {10.1057/978-1-137-55278-5\_10},
	editor = {Zaibert, Leo},
	hal_id = {hal-01508479},
	hal_version = {v1},
	keywords = {philosophie ; logique ; notation musicale ; syntaxe},
	month = Dec,
	pages = {187-201},
	pdf = {https://hal.archives-ouvertes.fr/hal-01508479/file/MUSIC%20NOTATION%20uncorrected%20proofs%20375786_Ch_10_Proof.pdf},
	publisher = {{Springer}},
	title = {{The Structure of Standard Music Notation}},
	url = {https://hal.archives-ouvertes.fr/hal-01508479},
	year = {2016},
	Bdsk-Url-1 = {https://hal.archives-ouvertes.fr/hal-01508479},
	Bdsk-Url-2 = {https://doi.org/10.1057/978-1-137-55278-5%5C_10}}

@inproceedings{jacquemard:hal-01138642,
	address = {London, United Kingdom},
	author = {Jacquemard, Florent and Donat-Bouillud, Pierre and Bresson, Jean},
	booktitle = {{Mathematics and Computation in Music: 5th International Conference, MCM 2015}},
	date-added = {2021-04-29 09:56:18 +0200},
	date-modified = {2021-04-29 09:56:18 +0200},
	editor = {Tom Collins, David Meredith and Anja Volk},
	hal_id = {hal-01138642},
	hal_version = {v1},
	keywords = {antescofo},
	month = Jun,
	organization = {{Oscar Bandtlow and Elaine Chew}},
	pages = {12},
	pdf = {https://hal.inria.fr/hal-01138642/file/mcm15.pdf},
	publisher = {{Springer}},
	series = {Lecture Notes in Artificial Intelligence},
	title = {{A Structural Theory of Rhythm Notation based on Tree Representations and Term Rewriting}},
	url = {https://hal.inria.fr/hal-01138642},
	volume = {9110},
	year = {2015},
	Bdsk-Url-1 = {https://hal.inria.fr/hal-01138642}}

@article{AlurMadhusudan09nested,
	author = {Alur, Rajeev and Madhusudan, Parthasarathy},
	date-added = {2021-04-29 09:53:21 +0200},
	date-modified = {2021-04-29 09:53:21 +0200},
	journal = {Journal of the ACM (JACM)},
	number = {3},
	pages = {1--43},
	publisher = {ACM New York, NY, USA},
	title = {Adding nesting structure to words},
	volume = {56},
	year = {2009},
	Bdsk-File-1 = {YnBsaXN0MDDSAQIDBFxyZWxhdGl2ZVBhdGhZYWxpYXNEYXRhXxBcLi4vLi4vLi4vTGlicmFyeS9Nb2JpbGUgRG9jdW1lbnRzL2NvbX5hcHBsZX5DbG91ZERvY3MvQmlibGlvL0FydGljbGVzL0FsdXJNYWRodXN1ZGFuMDlOVy5wZGZPEQHGAAAAAAHGAAIAAAdzeXN0ZW1lAAAAAAAAAAAAAAAAAAAAAAAAAAAAAAAAQkQAAf////8WQWx1ck1hZGh1c3VkYW4wOU5XLnBkZgAAAAAAAAAAAAAAAAAAAAAAAAAAAAAAAAAAAAAAAAAAAAAAAAAAAAAA/////wAAAAAAAAAAAAAAAAADAAYAAAogY3UAAAAAAAAAAAAAAAAACEFydGljbGVzAAIAZC86VXNlcnM6amFjcXVlbWE6TGlicmFyeTpNb2JpbGUgRG9jdW1lbnRzOmNvbX5hcHBsZX5DbG91ZERvY3M6QmlibGlvOkFydGljbGVzOkFsdXJNYWRodXN1ZGFuMDlOVy5wZGYADgAuABYAQQBsAHUAcgBNAGEAZABoAHUAcwB1AGQAYQBuADAAOQBOAFcALgBwAGQAZgAPABAABwBzAHkAcwB0AGUAbQBlABIAYlVzZXJzL2phY3F1ZW1hL0xpYnJhcnkvTW9iaWxlIERvY3VtZW50cy9jb21+YXBwbGV+Q2xvdWREb2NzL0JpYmxpby9BcnRpY2xlcy9BbHVyTWFkaHVzdWRhbjA5TlcucGRmABMAAS8AABUAAgAP//8AAAAIAA0AGgAkAIMAAAAAAAACAQAAAAAAAAAFAAAAAAAAAAAAAAAAAAACTQ==},
	Bdsk-File-2 = {YnBsaXN0MDDSAQIDBFxyZWxhdGl2ZVBhdGhZYWxpYXNEYXRhXxBjLi4vLi4vLi4vTGlicmFyeS9Nb2JpbGUgRG9jdW1lbnRzL2NvbX5hcHBsZX5DbG91ZERvY3MvQmlibGlvL0FydGljbGVzL0FsdXJNYWRodXN1ZGFuMDlOV3JldmlzZWQucGRmTxEB5AAAAAAB5AACAAAHc3lzdGVtZQAAAAAAAAAAAAAAAAAAAAAAAAAAAAAAAEJEAAH/////HUFsdXJNYWRodXN1ZGFuMDlOV3JldmlzZWQucGRmAAAAAAAAAAAAAAAAAAAAAAAAAAAAAAAAAAAAAAAAAAAAAP////8AAAAAAAAAAAAAAAAAAwAGAAAKIGN1AAAAAAAAAAAAAAAAAAhBcnRpY2xlcwACAGsvOlVzZXJzOmphY3F1ZW1hOkxpYnJhcnk6TW9iaWxlIERvY3VtZW50czpjb21+YXBwbGV+Q2xvdWREb2NzOkJpYmxpbzpBcnRpY2xlczpBbHVyTWFkaHVzdWRhbjA5TldyZXZpc2VkLnBkZgAADgA8AB0AQQBsAHUAcgBNAGEAZABoAHUAcwB1AGQAYQBuADAAOQBOAFcAcgBlAHYAaQBzAGUAZAAuAHAAZABmAA8AEAAHAHMAeQBzAHQAZQBtAGUAEgBpVXNlcnMvamFjcXVlbWEvTGlicmFyeS9Nb2JpbGUgRG9jdW1lbnRzL2NvbX5hcHBsZX5DbG91ZERvY3MvQmlibGlvL0FydGljbGVzL0FsdXJNYWRodXN1ZGFuMDlOV3JldmlzZWQucGRmAAATAAEvAAAVAAIAD///AAAACAANABoAJACKAAAAAAAAAgEAAAAAAAAABQAAAAAAAAAAAAAAAAAAAnI=},
	Bdsk-File-3 = {YnBsaXN0MDDSAQIDBFxyZWxhdGl2ZVBhdGhZYWxpYXNEYXRhXxBaLi4vLi4vLi4vTGlicmFyeS9Nb2JpbGUgRG9jdW1lbnRzL2NvbX5hcHBsZX5DbG91ZERvY3MvQmlibGlvL1NsaWRlcy9BbHVyTWFkaHVzdWRhbjA5TlcucGRmTxEBwAAAAAABwAACAAAHc3lzdGVtZQAAAAAAAAAAAAAAAAAAAAAAAAAAAAAAAEJEAAH/////FkFsdXJNYWRodXN1ZGFuMDlOVy5wZGYAAAAAAAAAAAAAAAAAAAAAAAAAAAAAAAAAAAAAAAAAAAAAAAAAAAAAAP////8AAAAAAAAAAAAAAAAAAwAGAAAKIGN1AAAAAAAAAAAAAAAAAAZTbGlkZXMAAgBiLzpVc2VyczpqYWNxdWVtYTpMaWJyYXJ5Ok1vYmlsZSBEb2N1bWVudHM6Y29tfmFwcGxlfkNsb3VkRG9jczpCaWJsaW86U2xpZGVzOkFsdXJNYWRodXN1ZGFuMDlOVy5wZGYADgAuABYAQQBsAHUAcgBNAGEAZABoAHUAcwB1AGQAYQBuADAAOQBOAFcALgBwAGQAZgAPABAABwBzAHkAcwB0AGUAbQBlABIAYFVzZXJzL2phY3F1ZW1hL0xpYnJhcnkvTW9iaWxlIERvY3VtZW50cy9jb21+YXBwbGV+Q2xvdWREb2NzL0JpYmxpby9TbGlkZXMvQWx1ck1hZGh1c3VkYW4wOU5XLnBkZgATAAEvAAAVAAIAD///AAAACAANABoAJACBAAAAAAAAAgEAAAAAAAAABQAAAAAAAAAAAAAAAAAAAkU=}}

@book{Muller15fundamentals,
	author = {M{\"u}ller, Meinard},
	date-added = {2021-04-29 09:28:58 +0200},
	date-modified = {2021-04-29 09:28:58 +0200},
	publisher = {Springer},
	title = {Fundamentals of music processing: Audio, analysis, algorithms, applications},
	year = {2015}}

@incollection{DrosteKuich09semirings,
	author = {Droste, Manfred and Kuich, Werner},
	booktitle = {Handbook of Weighted Automata},
	date-added = {2021-04-26 16:51:04 +0200},
	date-modified = {2021-04-26 16:51:04 +0200},
	pages = {3--28},
	publisher = {Springer},
	title = {Semirings and formal power series},
	year = {2009},
	Bdsk-File-1 = {YnBsaXN0MDDSAQIDBFxyZWxhdGl2ZVBhdGhZYWxpYXNEYXRhXxBdLi4vLi4vLi4vTGlicmFyeS9Nb2JpbGUgRG9jdW1lbnRzL2NvbX5hcHBsZX5DbG91ZERvY3MvQmlibGlvL0Jvb2tzL0Ryb3NkZUt1aWNoMDlzZW1pcmluZ3MucGRmTxEB0AAAAAAB0AACAAAHc3lzdGVtZQAAAAAAAAAAAAAAAAAAAAAAAAAAAAAAAEJEAAH/////GkRyb3NkZUt1aWNoMDlzZW1pcmluZ3MucGRmAAAAAAAAAAAAAAAAAAAAAAAAAAAAAAAAAAAAAAAAAAAAAAAAAP////8AAAAAAAAAAAAAAAAAAwAGAAAKIGN1AAAAAAAAAAAAAAAAAAVCb29rcwAAAgBlLzpVc2VyczpqYWNxdWVtYTpMaWJyYXJ5Ok1vYmlsZSBEb2N1bWVudHM6Y29tfmFwcGxlfkNsb3VkRG9jczpCaWJsaW86Qm9va3M6RHJvc2RlS3VpY2gwOXNlbWlyaW5ncy5wZGYAAA4ANgAaAEQAcgBvAHMAZABlAEsAdQBpAGMAaAAwADkAcwBlAG0AaQByAGkAbgBnAHMALgBwAGQAZgAPABAABwBzAHkAcwB0AGUAbQBlABIAY1VzZXJzL2phY3F1ZW1hL0xpYnJhcnkvTW9iaWxlIERvY3VtZW50cy9jb21+YXBwbGV+Q2xvdWREb2NzL0JpYmxpby9Cb29rcy9Ecm9zZGVLdWljaDA5c2VtaXJpbmdzLnBkZgAAEwABLwAAFQACAA///wAAAAgADQAaACQAhAAAAAAAAAIBAAAAAAAAAAUAAAAAAAAAAAAAAAAAAAJY}}

@incollection{FulopVogler09WTA,
	author = {F{\"u}l{\"o}p, Zolt{\'a}n and Vogler, Heiko},
	booktitle = {Handbook of Weighted Automata},
	date-added = {2021-04-26 16:51:04 +0200},
	date-modified = {2021-04-26 16:51:04 +0200},
	doi = {10.1007/978-3-642-01492-5_9},
	editor = {Droste, Manfred and Kuich, Werner and Vogler, Heiko},
	isbn = {978-3-642-01491-8},
	keywords = {WTA; weighted automata},
	language = {English},
	pages = {313-403},
	publisher = {Springer Berlin Heidelberg},
	series = {Monographs in Theoretical Computer Science. An EATCS Series},
	title = {Weighted Tree Automata and Tree Transducers},
	url = {http://dx.doi.org/10.1007/978-3-642-01492-5_9},
	year = {2009},
	Bdsk-File-1 = {YnBsaXN0MDDSAQIDBFxyZWxhdGl2ZVBhdGhZYWxpYXNEYXRhXxBXLi4vLi4vLi4vTGlicmFyeS9Nb2JpbGUgRG9jdW1lbnRzL2NvbX5hcHBsZX5DbG91ZERvY3MvQmlibGlvL0Jvb2tzL0Z1bG9wVm9nbGVyMDlXVEEucGRmTxEBuAAAAAABuAACAAAHc3lzdGVtZQAAAAAAAAAAAAAAAAAAAAAAAAAAAAAAAEJEAAH/////FEZ1bG9wVm9nbGVyMDlXVEEucGRmAAAAAAAAAAAAAAAAAAAAAAAAAAAAAAAAAAAAAAAAAAAAAAAAAAAAAAAAAP////8AAAAAAAAAAAAAAAAAAwAGAAAKIGN1AAAAAAAAAAAAAAAAAAVCb29rcwAAAgBfLzpVc2VyczpqYWNxdWVtYTpMaWJyYXJ5Ok1vYmlsZSBEb2N1bWVudHM6Y29tfmFwcGxlfkNsb3VkRG9jczpCaWJsaW86Qm9va3M6RnVsb3BWb2dsZXIwOVdUQS5wZGYAAA4AKgAUAEYAdQBsAG8AcABWAG8AZwBsAGUAcgAwADkAVwBUAEEALgBwAGQAZgAPABAABwBzAHkAcwB0AGUAbQBlABIAXVVzZXJzL2phY3F1ZW1hL0xpYnJhcnkvTW9iaWxlIERvY3VtZW50cy9jb21+YXBwbGV+Q2xvdWREb2NzL0JpYmxpby9Cb29rcy9GdWxvcFZvZ2xlcjA5V1RBLnBkZgAAEwABLwAAFQACAA///wAAAAgADQAaACQAfgAAAAAAAAIBAAAAAAAAAAUAAAAAAAAAAAAAAAAAAAI6},
	Bdsk-Url-1 = {http://dx.doi.org/10.1007/978-3-642-01492-5_9}}

@book{Droste09handbook,
	author = {Droste, Manfred and Kuich, Werner and Vogler, Heiko},
	date-added = {2021-04-26 16:50:46 +0200},
	date-modified = {2021-04-26 16:50:46 +0200},
	keywords = {weighted automata},
	publisher = {Springer Science \& Business Media},
	title = {Handbook of weighted automata},
	year = {2009},
	Bdsk-File-1 = {YnBsaXN0MDDSAQIDBFxyZWxhdGl2ZVBhdGhZYWxpYXNEYXRhXxBhLi4vLi4vLi4vTGlicmFyeS9Nb2JpbGUgRG9jdW1lbnRzL2NvbX5hcHBsZX5DbG91ZERvY3MvQmlibGlvL0Jvb2tzL0hhbmRib29rT2ZXZWlnaHRlZEF1dG9tYXRhLnBkZk8RAeAAAAAAAeAAAgAAB3N5c3RlbWUAAAAAAAAAAAAAAAAAAAAAAAAAAAAAAABCRAAB/////x5IYW5kYm9va09mV2VpZ2h0ZWRBdXRvbWF0YS5wZGYAAAAAAAAAAAAAAAAAAAAAAAAAAAAAAAAAAAAAAAAAAAD/////AAAAAAAAAAAAAAAAAAMABgAACiBjdQAAAAAAAAAAAAAAAAAFQm9va3MAAAIAaS86VXNlcnM6amFjcXVlbWE6TGlicmFyeTpNb2JpbGUgRG9jdW1lbnRzOmNvbX5hcHBsZX5DbG91ZERvY3M6QmlibGlvOkJvb2tzOkhhbmRib29rT2ZXZWlnaHRlZEF1dG9tYXRhLnBkZgAADgA+AB4ASABhAG4AZABiAG8AbwBrAE8AZgBXAGUAaQBnAGgAdABlAGQAQQB1AHQAbwBtAGEAdABhAC4AcABkAGYADwAQAAcAcwB5AHMAdABlAG0AZQASAGdVc2Vycy9qYWNxdWVtYS9MaWJyYXJ5L01vYmlsZSBEb2N1bWVudHMvY29tfmFwcGxlfkNsb3VkRG9jcy9CaWJsaW8vQm9va3MvSGFuZGJvb2tPZldlaWdodGVkQXV0b21hdGEucGRmAAATAAEvAAAVAAIAD///AAAACAANABoAJACIAAAAAAAAAgEAAAAAAAAABQAAAAAAAAAAAAAAAAAAAmw=}}

@article{Droste14WnestedWA,
	abstract = {Nested words have been introduced by Alur and Madhusudan as a model for e.g. recursive programs or XML documents and have received much recent interest. In this paper, we investigate a quantitative automaton model and a quantitative logic for nested words. The behavior resp. the semantics map nested words to weights which are taken from a strong bimonoid. Strong bimonoids can be viewed as semirings without requiring the distributivity assumption which was essential in the classical theory of formal power series; strong bimonoids include e.g. all bounded lattices and many other structures from multi-valued logics. Our main results show that weighted nested word automata and suitable weighted MSO logics are expressively equivalent. This extends the classical Bu ̈chi-Elgot result from words to a weighted setting for nested words.},
	author = {Droste, Manfred and Pibaljommee, Bundit},
	date-added = {2021-04-26 16:50:46 +0200},
	date-modified = {2021-04-26 16:50:46 +0200},
	journal = {International Journal of Foundations of Computer Science},
	number = {05},
	pages = {641--666},
	publisher = {World Scientific},
	title = {Weighted nested word automata and logics over strong bimonoids},
	volume = {25},
	year = {2014},
	Bdsk-File-1 = {YnBsaXN0MDDSAQIDBFxyZWxhdGl2ZVBhdGhZYWxpYXNEYXRhXxBbLi4vLi4vLi4vTGlicmFyeS9Nb2JpbGUgRG9jdW1lbnRzL2NvbX5hcHBsZX5DbG91ZERvY3MvQmlibGlvL0FydGljbGVzL0Ryb3N0ZTE0V25lc3RlZFdBLnBkZk8RAcQAAAAAAcQAAgAAB3N5c3RlbWUAAAAAAAAAAAAAAAAAAAAAAAAAAAAAAABCRAAB/////xVEcm9zdGUxNFduZXN0ZWRXQS5wZGYAAAAAAAAAAAAAAAAAAAAAAAAAAAAAAAAAAAAAAAAAAAAAAAAAAAAAAAD/////AAAAAAAAAAAAAAAAAAMABgAACiBjdQAAAAAAAAAAAAAAAAAIQXJ0aWNsZXMAAgBjLzpVc2VyczpqYWNxdWVtYTpMaWJyYXJ5Ok1vYmlsZSBEb2N1bWVudHM6Y29tfmFwcGxlfkNsb3VkRG9jczpCaWJsaW86QXJ0aWNsZXM6RHJvc3RlMTRXbmVzdGVkV0EucGRmAAAOACwAFQBEAHIAbwBzAHQAZQAxADQAVwBuAGUAcwB0AGUAZABXAEEALgBwAGQAZgAPABAABwBzAHkAcwB0AGUAbQBlABIAYVVzZXJzL2phY3F1ZW1hL0xpYnJhcnkvTW9iaWxlIERvY3VtZW50cy9jb21+YXBwbGV+Q2xvdWREb2NzL0JpYmxpby9BcnRpY2xlcy9Ecm9zdGUxNFduZXN0ZWRXQS5wZGYAABMAAS8AABUAAgAP//8AAAAIAA0AGgAkAIIAAAAAAAACAQAAAAAAAAAFAAAAAAAAAAAAAAAAAAACSg==}}

@article{Droste19weightedPDA,
	abstract = {We define a new normal form for weighted pushdown automata. 
The new type of automaton uses a stack but has only limited access to it. Only three stack commands are available: popping a symbol, pushing a symbol or leaving the stack unaltered. Additionally, ϵ-transitions are not used. 
We prove that this automaton model can recognize all weighted context-free languages (i.e., generates all algebraic power series).

},
	author = {Droste, Manfred and Dziadek, Sven and Kuich, Werner},
	date-added = {2021-04-26 16:50:46 +0200},
	date-modified = {2021-04-26 16:50:46 +0200},
	journal = {Theoretical Computer Science},
	pages = {252--259},
	publisher = {Elsevier},
	title = {Weighted simple reset pushdown automata},
	volume = {777},
	year = {2019},
	Bdsk-File-1 = {YnBsaXN0MDDSAQIDBFxyZWxhdGl2ZVBhdGhZYWxpYXNEYXRhXxBpLi4vLi4vLi4vTGlicmFyeS9Nb2JpbGUgRG9jdW1lbnRzL2NvbX5hcHBsZX5DbG91ZERvY3MvQmlibGlvL0FydGljbGVzL0Ryb3N0ZUR6aWFkZWtLdWljaDE5d2VpZ2h0ZWRQREEucGRmTxEB/AAAAAAB/AACAAAHc3lzdGVtZQAAAAAAAAAAAAAAAAAAAAAAAAAAAAAAAEJEAAH/////H0Ryb3N0ZUR6aWFkZWtLdWljaCNGRkZGRkZGRi5wZGYAAAAAAAAAAAAAAAAAAAAAAAAAAAAAAAAAAAAAAAAAAP////8AAAAAAAAAAAAAAAAAAwAGAAAKIGN1AAAAAAAAAAAAAAAAAAhBcnRpY2xlcwACAHEvOlVzZXJzOmphY3F1ZW1hOkxpYnJhcnk6TW9iaWxlIERvY3VtZW50czpjb21+YXBwbGV+Q2xvdWREb2NzOkJpYmxpbzpBcnRpY2xlczpEcm9zdGVEemlhZGVrS3VpY2gxOXdlaWdodGVkUERBLnBkZgAADgBIACMARAByAG8AcwB0AGUARAB6AGkAYQBkAGUAawBLAHUAaQBjAGgAMQA5AHcAZQBpAGcAaAB0AGUAZABQAEQAQQAuAHAAZABmAA8AEAAHAHMAeQBzAHQAZQBtAGUAEgBvVXNlcnMvamFjcXVlbWEvTGlicmFyeS9Nb2JpbGUgRG9jdW1lbnRzL2NvbX5hcHBsZX5DbG91ZERvY3MvQmlibGlvL0FydGljbGVzL0Ryb3N0ZUR6aWFkZWtLdWljaDE5d2VpZ2h0ZWRQREEucGRmAAATAAEvAAAVAAIAD///AAAACAANABoAJACQAAAAAAAAAgEAAAAAAAAABQAAAAAAAAAAAAAAAAAAApA=}}

@incollection{BookOtto93SRS,
	author = {Book, Ronald V and Otto, Friedrich},
	booktitle = {String-Rewriting Systems},
	date-added = {2021-04-26 16:49:24 +0200},
	date-modified = {2021-04-26 16:49:24 +0200},
	pages = {35--64},
	publisher = {Springer},
	title = {String-rewriting systems},
	year = {1993}}

@incollection{KruskalLiberman99STW,
	added-at = {2009-01-27T02:17:08.000+0100},
	author = {Kruskal, Joseph B. and Liberman, Mark},
	biburl = {https://www.bibsonomy.org/bibtex/2cb87706684ef3b1dce7bf8679e375134/lran022},
	booktitle = {Time Warps, String Edits, and Macromolecules - The Theory and Practice of Sequence Comparison},
	chapter = 4,
	date-added = {2021-04-26 16:48:55 +0200},
	date-modified = {2021-04-26 16:48:55 +0200},
	editor = {Sankoff, David and Kruskal, Joseph B.},
	interhash = {6d9194013a29f4721554525d8101ca54},
	intrahash = {cb87706684ef3b1dce7bf8679e375134},
	keywords = {imported},
	publisher = {CSLI Publications, Stanford, CA 94305},
	timestamp = {2009-01-27T02:17:11.000+0100},
	title = {The Symmetric Time-Warping Problem: from Continuous to Discrete},
	year = 1999,
	Bdsk-File-1 = {YnBsaXN0MDDSAQIDBFxyZWxhdGl2ZVBhdGhZYWxpYXNEYXRhXxBaLi4vLi4vLi4vTGlicmFyeS9Nb2JpbGUgRG9jdW1lbnRzL2NvbX5hcHBsZX5DbG91ZERvY3MvQmlibGlvL0Jvb2tzL0tydXNrYWxMaWJlcm1hbjE5ODMucGRmTxEBwgAAAAABwgACAAAHc3lzdGVtZQAAAAAAAAAAAAAAAAAAAAAAAAAAAAAAAEJEAAH/////F0tydXNrYWxMaWJlcm1hbjE5ODMucGRmAAAAAAAAAAAAAAAAAAAAAAAAAAAAAAAAAAAAAAAAAAAAAAAAAAAAAP////8AAAAAAAAAAAAAAAAAAwAGAAAKIGN1AAAAAAAAAAAAAAAAAAVCb29rcwAAAgBiLzpVc2VyczpqYWNxdWVtYTpMaWJyYXJ5Ok1vYmlsZSBEb2N1bWVudHM6Y29tfmFwcGxlfkNsb3VkRG9jczpCaWJsaW86Qm9va3M6S3J1c2thbExpYmVybWFuMTk4My5wZGYADgAwABcASwByAHUAcwBrAGEAbABMAGkAYgBlAHIAbQBhAG4AMQA5ADgAMwAuAHAAZABmAA8AEAAHAHMAeQBzAHQAZQBtAGUAEgBgVXNlcnMvamFjcXVlbWEvTGlicmFyeS9Nb2JpbGUgRG9jdW1lbnRzL2NvbX5hcHBsZX5DbG91ZERvY3MvQmlibGlvL0Jvb2tzL0tydXNrYWxMaWJlcm1hbjE5ODMucGRmABMAAS8AABUAAgAP//8AAAAIAA0AGgAkAIEAAAAAAAACAQAAAAAAAAAFAAAAAAAAAAAAAAAAAAACRw==}}

@inproceedings{Buchse10nBest,
	abstract = {We derive and implement an algorithm similar to (Huang and Chiang, 2005) for finding the n best derivations in a weighted hypergraph. We prove the correctness and termination of the algorithm and we show experimental results concerning its runtime. Our work is different from the aforementioned one in the following respects: we consider labeled hypergraphs, allowing for tree-based language models (Maletti and Satta, 2009); we specifically handle the case of cyclic hypergraphs; we admit structured weight domains, allowing for multiple features to be processed; we use the paradigm of functional programming together with lazy evaluation, achieving concise algorithmic descriptions.},
	acmid = {1870456},
	address = {Stroudsburg, PA, USA},
	author = {B\"{u}chse, Matthias and Geisler, Daniel and St\"{u}ber, Torsten and Vogler, Heiko},
	booktitle = {Proceedings of the 2010 Workshop on Applications of Tree Automata in Natural Language Processing},
	date-added = {2021-04-26 16:46:26 +0200},
	date-modified = {2021-04-26 16:46:26 +0200},
	isbn = {978-1-932432-79-4},
	keywords = {parsing},
	location = {Uppsala, Sweden},
	numpages = {9},
	pages = {46--54},
	publisher = {Association for Computational Linguistics},
	series = {ATANLP '10},
	title = {N-best Parsing Revisited},
	url = {http://dl.acm.org/citation.cfm?id=1870450.1870456},
	year = {2010},
	Bdsk-File-1 = {YnBsaXN0MDDSAQIDBFxyZWxhdGl2ZVBhdGhZYWxpYXNEYXRhXxBXLi4vLi4vLi4vTGlicmFyeS9Nb2JpbGUgRG9jdW1lbnRzL2NvbX5hcHBsZX5DbG91ZERvY3MvQmlibGlvL0FydGljbGVzL0J1Y2hzZTEwbkJlc3QucGRmTxEBtAAAAAABtAACAAAHc3lzdGVtZQAAAAAAAAAAAAAAAAAAAAAAAAAAAAAAAEJEAAH/////EUJ1Y2hzZTEwbkJlc3QucGRmAAAAAAAAAAAAAAAAAAAAAAAAAAAAAAAAAAAAAAAAAAAAAAAAAAAAAAAAAAAAAP////8AAAAAAAAAAAAAAAAAAwAGAAAKIGN1AAAAAAAAAAAAAAAAAAhBcnRpY2xlcwACAF8vOlVzZXJzOmphY3F1ZW1hOkxpYnJhcnk6TW9iaWxlIERvY3VtZW50czpjb21+YXBwbGV+Q2xvdWREb2NzOkJpYmxpbzpBcnRpY2xlczpCdWNoc2UxMG5CZXN0LnBkZgAADgAkABEAQgB1AGMAaABzAGUAMQAwAG4AQgBlAHMAdAAuAHAAZABmAA8AEAAHAHMAeQBzAHQAZQBtAGUAEgBdVXNlcnMvamFjcXVlbWEvTGlicmFyeS9Nb2JpbGUgRG9jdW1lbnRzL2NvbX5hcHBsZX5DbG91ZERvY3MvQmlibGlvL0FydGljbGVzL0J1Y2hzZTEwbkJlc3QucGRmAAATAAEvAAAVAAIAD///AAAACAANABoAJAB+AAAAAAAAAgEAAAAAAAAABQAAAAAAAAAAAAAAAAAAAjY=},
	Bdsk-Url-1 = {http://dl.acm.org/citation.cfm?id=1870450.1870456}}

@inproceedings{Huang05kbest,
	abstract = {We discuss the relevance of k-best parsing to recent applications in natural language processing, and develop efficient algorithms for k-best trees in the framework of hypergraph parsing. To demonstrate the efficiency, scalability and accuracy of these algorithms, we present experiments on Bikel's implementation of Collins' lexicalized PCFG model, and on Chiang's CFG-based decoder for hierarchical phrase-based translation. We show in particular how the improved output of our algorithms has the potential to improve results from parse reranking systems and other applications.},
	acmid = {1654500},
	address = {Stroudsburg, PA, USA},
	author = {Huang, Liang and Chiang, David},
	booktitle = {Proceedings of the Ninth International Workshop on Parsing Technology},
	date-added = {2021-04-26 16:46:26 +0200},
	date-modified = {2021-04-26 16:46:26 +0200},
	keywords = {parsing},
	location = {Vancouver, British Columbia, Canada},
	numpages = {12},
	pages = {53--64},
	publisher = {Association for Computational Linguistics},
	series = {Parsing '05},
	title = {Better k-best parsing},
	url = {http://dl.acm.org/citation.cfm?id=1654494.1654500},
	year = {2005},
	Bdsk-File-1 = {YnBsaXN0MDDSAQIDBFxyZWxhdGl2ZVBhdGhZYWxpYXNEYXRhXxBWLi4vLi4vLi4vTGlicmFyeS9Nb2JpbGUgRG9jdW1lbnRzL2NvbX5hcHBsZX5DbG91ZERvY3MvQmlibGlvL0FydGljbGVzL0h1YW5nMDVrYmVzdC5wZGZPEQGuAAAAAAGuAAIAAAdzeXN0ZW1lAAAAAAAAAAAAAAAAAAAAAAAAAAAAAAAAQkQAAf////8QSHVhbmcwNWtiZXN0LnBkZgAAAAAAAAAAAAAAAAAAAAAAAAAAAAAAAAAAAAAAAAAAAAAAAAAAAAAAAAAAAAAA/////wAAAAAAAAAAAAAAAAADAAYAAAogY3UAAAAAAAAAAAAAAAAACEFydGljbGVzAAIAXi86VXNlcnM6amFjcXVlbWE6TGlicmFyeTpNb2JpbGUgRG9jdW1lbnRzOmNvbX5hcHBsZX5DbG91ZERvY3M6QmlibGlvOkFydGljbGVzOkh1YW5nMDVrYmVzdC5wZGYADgAiABAASAB1AGEAbgBnADAANQBrAGIAZQBzAHQALgBwAGQAZgAPABAABwBzAHkAcwB0AGUAbQBlABIAXFVzZXJzL2phY3F1ZW1hL0xpYnJhcnkvTW9iaWxlIERvY3VtZW50cy9jb21+YXBwbGV+Q2xvdWREb2NzL0JpYmxpby9BcnRpY2xlcy9IdWFuZzA1a2Jlc3QucGRmABMAAS8AABUAAgAP//8AAAAIAA0AGgAkAH0AAAAAAAACAQAAAAAAAAAFAAAAAAAAAAAAAAAAAAACLw==},
	Bdsk-Url-1 = {http://dl.acm.org/citation.cfm?id=1654494.1654500}}

@inproceedings{Huang08advanceddynamic,
	abstract = {Dynamic Programming (DP) is an important class of algorithms widely used in many areas of speech and language processing. 
Recently there have been a series of work trying to formalize many instances of DP algorithms under algebraic and graph-theoretic frameworks. 
This tutorial surveys two such frameworks, namely semirings and directed hypergraphs, and draws connections between them. 
We formalize two particular types of DP algorithms under each of these frameworks: 
the Viterbi-style topological algorithms and 
the Dijkstra-style best-first algorithms. 
Wherever relevant, we also discuss typical applications of these algorithms in Natural Language Processing.},
	author = {Liang Huang},
	booktitle = {In COLING},
	date-added = {2021-04-26 16:46:13 +0200},
	date-modified = {2021-04-26 16:46:13 +0200},
	title = {Advanced Dynamic Programming in Semiring and Hypergraph Frameworks},
	year = {2008},
	Bdsk-File-1 = {YnBsaXN0MDDSAQIDBFxyZWxhdGl2ZVBhdGhZYWxpYXNEYXRhXxBXLi4vLi4vLi4vTGlicmFyeS9Nb2JpbGUgRG9jdW1lbnRzL2NvbX5hcHBsZX5DbG91ZERvY3MvQmlibGlvL1N1cnZleXMvSHVhbmcwOGR5bmFtaWMucGRmTxEBtgAAAAABtgACAAAHc3lzdGVtZQAAAAAAAAAAAAAAAAAAAAAAAAAAAAAAAEJEAAH/////Ekh1YW5nMDhkeW5hbWljLnBkZgAAAAAAAAAAAAAAAAAAAAAAAAAAAAAAAAAAAAAAAAAAAAAAAAAAAAAAAAAAAP////8AAAAAAAAAAAAAAAAAAwAGAAAKIGN1AAAAAAAAAAAAAAAAAAdTdXJ2ZXlzAAACAF8vOlVzZXJzOmphY3F1ZW1hOkxpYnJhcnk6TW9iaWxlIERvY3VtZW50czpjb21+YXBwbGV+Q2xvdWREb2NzOkJpYmxpbzpTdXJ2ZXlzOkh1YW5nMDhkeW5hbWljLnBkZgAADgAmABIASAB1AGEAbgBnADAAOABkAHkAbgBhAG0AaQBjAC4AcABkAGYADwAQAAcAcwB5AHMAdABlAG0AZQASAF1Vc2Vycy9qYWNxdWVtYS9MaWJyYXJ5L01vYmlsZSBEb2N1bWVudHMvY29tfmFwcGxlfkNsb3VkRG9jcy9CaWJsaW8vU3VydmV5cy9IdWFuZzA4ZHluYW1pYy5wZGYAABMAAS8AABUAAgAP//8AAAAIAA0AGgAkAH4AAAAAAAACAQAAAAAAAAAFAAAAAAAAAAAAAAAAAAACOA==}}

@article{Nederhof03weightedParsing,
	abstract = {We discuss weighted deductive parsing and consider the problem of finding the derivation with the lowest weight. 
We show that Knuth's generalization of Dijkstra's algorithm for the shortest-path problem offers a general method to solve this problem. 
Our approach is modular in the sense that Knuth's algorithm is formulated independently from the weighted deduction system.},
	author = {Nederhof, Mark-Jan},
	date-added = {2021-04-26 16:46:13 +0200},
	date-modified = {2021-04-26 16:46:13 +0200},
	journal = {Computational Linguistics},
	number = {1},
	pages = {135--143},
	publisher = {MIT Press},
	title = {Weighted deductive parsing and Knuth's algorithm},
	url = {https://doi.org/10.1162/089120103321337467},
	volume = {29},
	year = {2003},
	Bdsk-File-1 = {YnBsaXN0MDDSAQIDBFxyZWxhdGl2ZVBhdGhZYWxpYXNEYXRhXxBjLi4vLi4vLi4vTGlicmFyeS9Nb2JpbGUgRG9jdW1lbnRzL2NvbX5hcHBsZX5DbG91ZERvY3MvQmlibGlvL0FydGljbGVzL05lZGVyaG9mMDN3ZWlnaHRlZFBhcnNpbmcucGRmTxEB5AAAAAAB5AACAAAHc3lzdGVtZQAAAAAAAAAAAAAAAAAAAAAAAAAAAAAAAEJEAAH/////HU5lZGVyaG9mMDN3ZWlnaHRlZFBhcnNpbmcucGRmAAAAAAAAAAAAAAAAAAAAAAAAAAAAAAAAAAAAAAAAAAAAAP////8AAAAAAAAAAAAAAAAAAwAGAAAKIGN1AAAAAAAAAAAAAAAAAAhBcnRpY2xlcwACAGsvOlVzZXJzOmphY3F1ZW1hOkxpYnJhcnk6TW9iaWxlIERvY3VtZW50czpjb21+YXBwbGV+Q2xvdWREb2NzOkJpYmxpbzpBcnRpY2xlczpOZWRlcmhvZjAzd2VpZ2h0ZWRQYXJzaW5nLnBkZgAADgA8AB0ATgBlAGQAZQByAGgAbwBmADAAMwB3AGUAaQBnAGgAdABlAGQAUABhAHIAcwBpAG4AZwAuAHAAZABmAA8AEAAHAHMAeQBzAHQAZQBtAGUAEgBpVXNlcnMvamFjcXVlbWEvTGlicmFyeS9Nb2JpbGUgRG9jdW1lbnRzL2NvbX5hcHBsZX5DbG91ZERvY3MvQmlibGlvL0FydGljbGVzL05lZGVyaG9mMDN3ZWlnaHRlZFBhcnNpbmcucGRmAAATAAEvAAAVAAIAD///AAAACAANABoAJACKAAAAAAAAAgEAAAAAAAAABQAAAAAAAAAAAAAAAAAAAnI=},
	Bdsk-Url-1 = {https://doi.org/10.1162/089120103321337467%20},
	Bdsk-Url-2 = {https://doi.org/10.1162/089120103321337467}}

@article{Dijkstra59anote,
	author = {E. W. Dijkstra},
	date-added = {2021-04-26 16:45:55 +0200},
	date-modified = {2021-04-29 09:35:10 +0200},
	journal = {Numerische Mathematik},
	number = {1},
	pages = {269--271},
	title = {A Note on Two Problems in Connexion with Graphs},
	volume = {1},
	year = {1959}}

@inproceedings{MohriRiley02nbest,
	author = {Mohri, Mehryar and Riley, Michael},
	booktitle = {Seventh International Conference on Spoken Language Processing},
	date-added = {2021-04-26 16:24:00 +0200},
	date-modified = {2021-04-26 16:24:00 +0200},
	title = {An efficient algorithm for the n-best-strings problem},
	year = {2002},
	Bdsk-File-1 = {YnBsaXN0MDDSAQIDBFxyZWxhdGl2ZVBhdGhZYWxpYXNEYXRhXxBbLi4vLi4vLi4vTGlicmFyeS9Nb2JpbGUgRG9jdW1lbnRzL2NvbX5hcHBsZX5DbG91ZERvY3MvQmlibGlvL0FydGljbGVzL01vaHJpUmlsZXkwMm5iZXN0LnBkZk8RAcQAAAAAAcQAAgAAB3N5c3RlbWUAAAAAAAAAAAAAAAAAAAAAAAAAAAAAAABCRAAB/////xVNb2hyaVJpbGV5MDJuYmVzdC5wZGYAAAAAAAAAAAAAAAAAAAAAAAAAAAAAAAAAAAAAAAAAAAAAAAAAAAAAAAD/////AAAAAAAAAAAAAAAAAAMABgAACiBjdQAAAAAAAAAAAAAAAAAIQXJ0aWNsZXMAAgBjLzpVc2VyczpqYWNxdWVtYTpMaWJyYXJ5Ok1vYmlsZSBEb2N1bWVudHM6Y29tfmFwcGxlfkNsb3VkRG9jczpCaWJsaW86QXJ0aWNsZXM6TW9ocmlSaWxleTAybmJlc3QucGRmAAAOACwAFQBNAG8AaAByAGkAUgBpAGwAZQB5ADAAMgBuAGIAZQBzAHQALgBwAGQAZgAPABAABwBzAHkAcwB0AGUAbQBlABIAYVVzZXJzL2phY3F1ZW1hL0xpYnJhcnkvTW9iaWxlIERvY3VtZW50cy9jb21+YXBwbGV+Q2xvdWREb2NzL0JpYmxpby9BcnRpY2xlcy9Nb2hyaVJpbGV5MDJuYmVzdC5wZGYAABMAAS8AABUAAgAP//8AAAAIAA0AGgAkAIIAAAAAAAACAQAAAAAAAAAFAAAAAAAAAAAAAAAAAAACSg==}}

@article{Mohri97transducers,
	abstract = {Finite-machines have been used in various domains of natural language processing. We consider here the use of a type of transducer that supports very efficient programs: sequential transducers. 
We recall classical theorems and give new ones characterizing sequential string-to-string transducers. 
Transducers that outpur weights also play an important role in language and speech processing. 
We give a specific study of string-to-weight transducers, including algorithms for determinizing and minizizing these transducers very efficiently, and characterizations of the transducers admitting determinization and the corresponding algorithms. 
Some applications of these algorithms in speech recognition are described and illustrated.
},
	annote = {Mohri's determinization and minimization procedures for string-to-weight transducers},
	author = {Mohri, Mehryar},
	date-added = {2021-04-26 16:23:45 +0200},
	date-modified = {2021-04-26 16:23:45 +0200},
	journal = {Computational linguistics},
	number = {2},
	pages = {269--311},
	publisher = {MIT Press},
	title = {Finite-state transducers in language and speech processing},
	volume = {23},
	year = {1997},
	Bdsk-File-1 = {YnBsaXN0MDDSAQIDBFxyZWxhdGl2ZVBhdGhZYWxpYXNEYXRhXxBULi4vLi4vLi4vTGlicmFyeS9Nb2JpbGUgRG9jdW1lbnRzL2NvbX5hcHBsZX5DbG91ZERvY3MvQmlibGlvL0FydGljbGVzL01vaHJpOTdjbDEucGRmTxEBpgAAAAABpgACAAAHc3lzdGVtZQAAAAAAAAAAAAAAAAAAAAAAAAAAAAAAAEJEAAH/////Dk1vaHJpOTdjbDEucGRmAAAAAAAAAAAAAAAAAAAAAAAAAAAAAAAAAAAAAAAAAAAAAAAAAAAAAAAAAAAAAAAAAP////8AAAAAAAAAAAAAAAAAAwAGAAAKIGN1AAAAAAAAAAAAAAAAAAhBcnRpY2xlcwACAFwvOlVzZXJzOmphY3F1ZW1hOkxpYnJhcnk6TW9iaWxlIERvY3VtZW50czpjb21+YXBwbGV+Q2xvdWREb2NzOkJpYmxpbzpBcnRpY2xlczpNb2hyaTk3Y2wxLnBkZgAOAB4ADgBNAG8AaAByAGkAOQA3AGMAbAAxAC4AcABkAGYADwAQAAcAcwB5AHMAdABlAG0AZQASAFpVc2Vycy9qYWNxdWVtYS9MaWJyYXJ5L01vYmlsZSBEb2N1bWVudHMvY29tfmFwcGxlfkNsb3VkRG9jcy9CaWJsaW8vQXJ0aWNsZXMvTW9ocmk5N2NsMS5wZGYAEwABLwAAFQACAA///wAAAAgADQAaACQAewAAAAAAAAIBAAAAAAAAAAUAAAAAAAAAAAAAAAAAAAIl}}

@incollection{Mohri09weighted,
	author = {Mohri, Mehryar},
	booktitle = {Handbook of weighted automata},
	date-added = {2021-04-26 16:23:31 +0200},
	date-modified = {2021-04-26 16:23:31 +0200},
	keywords = {weighted automata},
	pages = {213--254},
	publisher = {Springer},
	title = {Weighted automata algorithms},
	year = {2009},
	Bdsk-File-1 = {YnBsaXN0MDDSAQIDBFxyZWxhdGl2ZVBhdGhZYWxpYXNEYXRhXxBXLi4vLi4vLi4vTGlicmFyeS9Nb2JpbGUgRG9jdW1lbnRzL2NvbX5hcHBsZX5DbG91ZERvY3MvQmlibGlvL1N1cnZleXMvTW9ocmkwOVdBYWxnb3MucGRmTxEBtgAAAAABtgACAAAHc3lzdGVtZQAAAAAAAAAAAAAAAAAAAAAAAAAAAAAAAEJEAAH/////Ek1vaHJpMDlXQWFsZ29zLnBkZgAAAAAAAAAAAAAAAAAAAAAAAAAAAAAAAAAAAAAAAAAAAAAAAAAAAAAAAAAAAP////8AAAAAAAAAAAAAAAAAAwAGAAAKIGN1AAAAAAAAAAAAAAAAAAdTdXJ2ZXlzAAACAF8vOlVzZXJzOmphY3F1ZW1hOkxpYnJhcnk6TW9iaWxlIERvY3VtZW50czpjb21+YXBwbGV+Q2xvdWREb2NzOkJpYmxpbzpTdXJ2ZXlzOk1vaHJpMDlXQWFsZ29zLnBkZgAADgAmABIATQBvAGgAcgBpADAAOQBXAEEAYQBsAGcAbwBzAC4AcABkAGYADwAQAAcAcwB5AHMAdABlAG0AZQASAF1Vc2Vycy9qYWNxdWVtYS9MaWJyYXJ5L01vYmlsZSBEb2N1bWVudHMvY29tfmFwcGxlfkNsb3VkRG9jcy9CaWJsaW8vU3VydmV5cy9Nb2hyaTA5V0FhbGdvcy5wZGYAABMAAS8AABUAAgAP//8AAAAIAA0AGgAkAH4AAAAAAAACAQAAAAAAAAAFAAAAAAAAAAAAAAAAAAACOA==}}

@incollection{Mohri08speech,
	author = {Mohri, Mehryar and Pereira, Fernando and Riley, Michael},
	booktitle = {Springer Handbook of Speech Processing},
	date-added = {2021-04-26 16:23:26 +0200},
	date-modified = {2021-04-26 16:23:26 +0200},
	keywords = {Weighted Automata, Weighted Transducers, Speech Processing},
	pages = {559--584},
	publisher = {Springer},
	title = {Speech recognition with weighted finite-state transducers},
	year = {2008},
	Bdsk-File-1 = {YnBsaXN0MDDSAQIDBFxyZWxhdGl2ZVBhdGhZYWxpYXNEYXRhXxBbLi4vLi4vLi4vTGlicmFyeS9Nb2JpbGUgRG9jdW1lbnRzL2NvbX5hcHBsZX5DbG91ZERvY3MvQmlibGlvL0FydGljbGVzL01vaHJpMDh3ZnN0LWx2Y3NyLnBkZk8RAcQAAAAAAcQAAgAAB3N5c3RlbWUAAAAAAAAAAAAAAAAAAAAAAAAAAAAAAABCRAAB/////xVNb2hyaTA4d2ZzdC1sdmNzci5wZGYAAAAAAAAAAAAAAAAAAAAAAAAAAAAAAAAAAAAAAAAAAAAAAAAAAAAAAAD/////AAAAAAAAAAAAAAAAAAMABgAACiBjdQAAAAAAAAAAAAAAAAAIQXJ0aWNsZXMAAgBjLzpVc2VyczpqYWNxdWVtYTpMaWJyYXJ5Ok1vYmlsZSBEb2N1bWVudHM6Y29tfmFwcGxlfkNsb3VkRG9jczpCaWJsaW86QXJ0aWNsZXM6TW9ocmkwOHdmc3QtbHZjc3IucGRmAAAOACwAFQBNAG8AaAByAGkAMAA4AHcAZgBzAHQALQBsAHYAYwBzAHIALgBwAGQAZgAPABAABwBzAHkAcwB0AGUAbQBlABIAYVVzZXJzL2phY3F1ZW1hL0xpYnJhcnkvTW9iaWxlIERvY3VtZW50cy9jb21+YXBwbGV+Q2xvdWREb2NzL0JpYmxpby9BcnRpY2xlcy9Nb2hyaTA4d2ZzdC1sdmNzci5wZGYAABMAAS8AABUAAgAP//8AAAAIAA0AGgAkAIIAAAAAAAACAQAAAAAAAAAFAAAAAAAAAAAAAAAAAAACSg==}}

@article{Mohri05WA,
	author = {Mohri, Mehryar and Pereira, Fernando and Riley, Michael},
	date-added = {2021-04-26 16:23:21 +0200},
	date-modified = {2021-04-26 16:23:21 +0200},
	journal = {arXiv preprint cs/0503077},
	keywords = {weighted automata, speech processing, test processing},
	title = {Weighted automata in text and speech processing},
	year = {2005},
	Bdsk-File-1 = {YnBsaXN0MDDSAQIDBFxyZWxhdGl2ZVBhdGhZYWxpYXNEYXRhXxBSLi4vLi4vLi4vTGlicmFyeS9Nb2JpbGUgRG9jdW1lbnRzL2NvbX5hcHBsZX5DbG91ZERvY3MvQmlibGlvL1N1cnZleXMvTW9ocmkwOVdBLnBkZk8RAaAAAAAAAaAAAgAAB3N5c3RlbWUAAAAAAAAAAAAAAAAAAAAAAAAAAAAAAABCRAAB/////w1Nb2hyaTA5V0EucGRmAAAAAAAAAAAAAAAAAAAAAAAAAAAAAAAAAAAAAAAAAAAAAAAAAAAAAAAAAAAAAAAAAAD/////AAAAAAAAAAAAAAAAAAMABgAACiBjdQAAAAAAAAAAAAAAAAAHU3VydmV5cwAAAgBaLzpVc2VyczpqYWNxdWVtYTpMaWJyYXJ5Ok1vYmlsZSBEb2N1bWVudHM6Y29tfmFwcGxlfkNsb3VkRG9jczpCaWJsaW86U3VydmV5czpNb2hyaTA5V0EucGRmAA4AHAANAE0AbwBoAHIAaQAwADkAVwBBAC4AcABkAGYADwAQAAcAcwB5AHMAdABlAG0AZQASAFhVc2Vycy9qYWNxdWVtYS9MaWJyYXJ5L01vYmlsZSBEb2N1bWVudHMvY29tfmFwcGxlfkNsb3VkRG9jcy9CaWJsaW8vU3VydmV5cy9Nb2hyaTA5V0EucGRmABMAAS8AABUAAgAP//8AAAAIAA0AGgAkAHkAAAAAAAACAQAAAAAAAAAFAAAAAAAAAAAAAAAAAAACHQ==}}

@article{Mohri03EDWA,
	abstract = {The problem of computing the similarity between two sequences arises in many areas such as computational biology and natural language processing. 
A common measure of the similarity of two strings is their edit-distance, that is the minimal cost of a series of symbol insertions, deletions, or substitutions transforming one string into the other. 
In several applications such as speech recognition or computational biology, the objects to compare are distributions over strings, i.e., sets of strings representing a range of alternative hypotheses with their associated weights or probabilities. We define the edit-distance of two distributions over strings and present algorithms for computing it when these distributions are given by automata. In the particular case where two sets of strings are given by unweighted automata, their edit-distance can be computed using the general algorithm of composition of weighted transducers combined with a single-source shortest-paths algorithm. In the general case, we show that general weighted automata algorithms over the appropriate semirings can be used to compute the edit-distance of two weighted automata exactly. These include classical algorithms such as the composition and ∊-removal of weighted transducers and a new and simple synchronization algorithm for weighted transducers which, combined with ∊-removal, can be used to normalize weighted transducers with bounded delays. Our algorithm for computing the edit-distance of weighted automata can be used to improve the word accuracy of automatic speech recognition systems. It can also be extended to provide an edit-distance automaton useful for re-scoring and other post-processing purposes in the context of large-vocabulary speech recognition.
},
	author = {Mohri, Mehryar},
	date-added = {2021-04-26 16:23:17 +0200},
	date-modified = {2021-04-26 16:23:17 +0200},
	doi = {10.1142/S0129054103002114},
	eprint = {https://www.worldscientific.com/doi/pdf/10.1142/S0129054103002114},
	journal = {International Journal of Foundations of Computer Science},
	number = {06},
	pages = {957-982},
	title = {Edit-Distance of Weighted Automata: General Definitions and Algorithms},
	url = {https://www.worldscientific.com/doi/abs/10.1142/S0129054103002114},
	volume = {14},
	year = {2003},
	Bdsk-File-1 = {YnBsaXN0MDDSAQIDBFxyZWxhdGl2ZVBhdGhZYWxpYXNEYXRhXxBWLi4vLi4vLi4vTGlicmFyeS9Nb2JpbGUgRG9jdW1lbnRzL2NvbX5hcHBsZX5DbG91ZERvY3MvQmlibGlvL0FydGljbGVzL01vaHJpMDNpamZjcy5wZGZPEQGuAAAAAAGuAAIAAAdzeXN0ZW1lAAAAAAAAAAAAAAAAAAAAAAAAAAAAAAAAQkQAAf////8QTW9ocmkwM2lqZmNzLnBkZgAAAAAAAAAAAAAAAAAAAAAAAAAAAAAAAAAAAAAAAAAAAAAAAAAAAAAAAAAAAAAA/////wAAAAAAAAAAAAAAAAADAAYAAAogY3UAAAAAAAAAAAAAAAAACEFydGljbGVzAAIAXi86VXNlcnM6amFjcXVlbWE6TGlicmFyeTpNb2JpbGUgRG9jdW1lbnRzOmNvbX5hcHBsZX5DbG91ZERvY3M6QmlibGlvOkFydGljbGVzOk1vaHJpMDNpamZjcy5wZGYADgAiABAATQBvAGgAcgBpADAAMwBpAGoAZgBjAHMALgBwAGQAZgAPABAABwBzAHkAcwB0AGUAbQBlABIAXFVzZXJzL2phY3F1ZW1hL0xpYnJhcnkvTW9iaWxlIERvY3VtZW50cy9jb21+YXBwbGV+Q2xvdWREb2NzL0JpYmxpby9BcnRpY2xlcy9Nb2hyaTAzaWpmY3MucGRmABMAAS8AABUAAgAP//8AAAAIAA0AGgAkAH0AAAAAAAACAQAAAAAAAAAFAAAAAAAAAAAAAAAAAAACLw==},
	Bdsk-Url-1 = {https://www.worldscientific.com/doi/abs/10.1142/S0129054103002114},
	Bdsk-Url-2 = {https://doi.org/10.1142/S0129054103002114}}

@article{Mohri02semiring,
	abstract = {We define general algebraic frameworks for shortest-distance problems based on the structure of semirings. 
We give a generic algorithm for finding single-source shortest distances in a weighted directed graph when the weights satisfy the conditions of our general semiring framework. The same algorithm can be used to solve efficiently classical shortest paths problems or to find the k-shortest distances in a directed graph. 
It can be used to solve single-source shortest-distance problems in weighted directed acyclic graphs over any semiring. 
We examine several semirings and describe some specific instances of our generic algorithms to illustrate their use and compare them with existing methods and algorithms. 
The proof of the soundness of all algorithms is given in detail, including their pseudocode and a full analysis of their running time complexity.},
	author = {Mohri, Mehryar},
	date-added = {2021-04-26 16:23:08 +0200},
	date-modified = {2021-04-26 16:23:08 +0200},
	journal = {Journal of Automata, Languages and Combinatorics},
	number = {3},
	pages = {321--350},
	title = {Semiring frameworks and algorithms for shortest-distance problems},
	volume = {7},
	year = {2002},
	Bdsk-File-1 = {YnBsaXN0MDDSAQIDBFxyZWxhdGl2ZVBhdGhZYWxpYXNEYXRhXxBZLi4vLi4vLi4vTGlicmFyeS9Nb2JpbGUgRG9jdW1lbnRzL2NvbX5hcHBsZX5DbG91ZERvY3MvQmlibGlvL0FydGljbGVzL01vaHJpMDJzZW1pcmluZy5wZGZPEQG8AAAAAAG8AAIAAAdzeXN0ZW1lAAAAAAAAAAAAAAAAAAAAAAAAAAAAAAAAQkQAAf////8TTW9ocmkwMnNlbWlyaW5nLnBkZgAAAAAAAAAAAAAAAAAAAAAAAAAAAAAAAAAAAAAAAAAAAAAAAAAAAAAAAAAA/////wAAAAAAAAAAAAAAAAADAAYAAAogY3UAAAAAAAAAAAAAAAAACEFydGljbGVzAAIAYS86VXNlcnM6amFjcXVlbWE6TGlicmFyeTpNb2JpbGUgRG9jdW1lbnRzOmNvbX5hcHBsZX5DbG91ZERvY3M6QmlibGlvOkFydGljbGVzOk1vaHJpMDJzZW1pcmluZy5wZGYAAA4AKAATAE0AbwBoAHIAaQAwADIAcwBlAG0AaQByAGkAbgBnAC4AcABkAGYADwAQAAcAcwB5AHMAdABlAG0AZQASAF9Vc2Vycy9qYWNxdWVtYS9MaWJyYXJ5L01vYmlsZSBEb2N1bWVudHMvY29tfmFwcGxlfkNsb3VkRG9jcy9CaWJsaW8vQXJ0aWNsZXMvTW9ocmkwMnNlbWlyaW5nLnBkZgAAEwABLwAAFQACAA///wAAAAgADQAaACQAgAAAAAAAAAIBAAAAAAAAAAUAAAAAAAAAAAAAAAAAAAJA}}

@article{Mohri02ijfcs,
	author = {Mohri, Mehryar},
	date-added = {2021-04-26 16:23:03 +0200},
	date-modified = {2021-04-26 16:23:03 +0200},
	journal = {International Journal of Foundations of Computer Science},
	title = {Generic epsilon-removal and input epsilon-normalization algorithms for weighted transducers},
	year = {2002},
	Bdsk-File-1 = {YnBsaXN0MDDSAQIDBFxyZWxhdGl2ZVBhdGhZYWxpYXNEYXRhXxBWLi4vLi4vLi4vTGlicmFyeS9Nb2JpbGUgRG9jdW1lbnRzL2NvbX5hcHBsZX5DbG91ZERvY3MvQmlibGlvL0FydGljbGVzL01vaHJpMDJpamZjcy5wZGZPEQGuAAAAAAGuAAIAAAdzeXN0ZW1lAAAAAAAAAAAAAAAAAAAAAAAAAAAAAAAAQkQAAf////8QTW9ocmkwMmlqZmNzLnBkZgAAAAAAAAAAAAAAAAAAAAAAAAAAAAAAAAAAAAAAAAAAAAAAAAAAAAAAAAAAAAAA/////wAAAAAAAAAAAAAAAAADAAYAAAogY3UAAAAAAAAAAAAAAAAACEFydGljbGVzAAIAXi86VXNlcnM6amFjcXVlbWE6TGlicmFyeTpNb2JpbGUgRG9jdW1lbnRzOmNvbX5hcHBsZX5DbG91ZERvY3M6QmlibGlvOkFydGljbGVzOk1vaHJpMDJpamZjcy5wZGYADgAiABAATQBvAGgAcgBpADAAMgBpAGoAZgBjAHMALgBwAGQAZgAPABAABwBzAHkAcwB0AGUAbQBlABIAXFVzZXJzL2phY3F1ZW1hL0xpYnJhcnkvTW9iaWxlIERvY3VtZW50cy9jb21+YXBwbGV+Q2xvdWREb2NzL0JpYmxpby9BcnRpY2xlcy9Nb2hyaTAyaWpmY3MucGRmABMAAS8AABUAAgAP//8AAAAIAA0AGgAkAH0AAAAAAAACAQAAAAAAAAAFAAAAAAAAAAAAAAAAAAACLw==}}

@inproceedings{Mohri02ciaa,
	abstract = {The edit-distance of two strings is the minimal cost of a sequence of symbol insertions, deletions, or substitutions transforming one string into the other. The definition is used in various contexts to give a measure of the difference or similarity between two strings. This definition can be extended to measure the similarity between two sets of strings. In particular, when these sets are represented by automata, their edit-distance can be computed using the general algorithm of composition of weighted transducers combined with a single-source shortest-paths algorithm. More generally, in some applications such as speech recognition and computational biology, the strings may represent a range of alternative hypotheses with associated probabilities. Thus, we introduce the definition of the edit-distance of two distributions of strings given by two weighted automata. We show that general weighted automata algorithms over the appropriate semirings can be used to compute the edit-distance of two weighted automata exactly. The algorithm for computing exactly the edit-distance of weighted automata can be used to improve the word accuracy of automatic speech recognition systems. More generally, the algorithm can be extended to provide an edit-distance automaton useful for rescoring and other post-processing purposes in the context of large-vocabulary speech recognition. In the course of the presentation of our algorithm, we also introduce a new and general synchronization algorithm for weighted transducers which, combined with ∈-removal, can be used to normalize weighted transducers with bounded delays.},
	address = {Berlin, Heidelberg},
	author = {Mohri, Mehryar},
	booktitle = {Implementation and Application of Automata},
	date-added = {2021-04-26 16:22:52 +0200},
	date-modified = {2021-04-26 16:22:52 +0200},
	editor = {Champarnaud, Jean-Marc and Maurel, Denis},
	isbn = {978-3-540-44977-5},
	pages = {1--23},
	publisher = {Springer Berlin Heidelberg},
	title = {Edit-Distance of Weighted Automata},
	year = {2003},
	Bdsk-File-1 = {YnBsaXN0MDDSAQIDBFxyZWxhdGl2ZVBhdGhZYWxpYXNEYXRhXxBVLi4vLi4vLi4vTGlicmFyeS9Nb2JpbGUgRG9jdW1lbnRzL2NvbX5hcHBsZX5DbG91ZERvY3MvQmlibGlvL0FydGljbGVzL01vaHJpMDJjaWFhLnBkZk8RAawAAAAAAawAAgAAB3N5c3RlbWUAAAAAAAAAAAAAAAAAAAAAAAAAAAAAAABCRAAB/////w9Nb2hyaTAyY2lhYS5wZGYAAAAAAAAAAAAAAAAAAAAAAAAAAAAAAAAAAAAAAAAAAAAAAAAAAAAAAAAAAAAAAAD/////AAAAAAAAAAAAAAAAAAMABgAACiBjdQAAAAAAAAAAAAAAAAAIQXJ0aWNsZXMAAgBdLzpVc2VyczpqYWNxdWVtYTpMaWJyYXJ5Ok1vYmlsZSBEb2N1bWVudHM6Y29tfmFwcGxlfkNsb3VkRG9jczpCaWJsaW86QXJ0aWNsZXM6TW9ocmkwMmNpYWEucGRmAAAOACAADwBNAG8AaAByAGkAMAAyAGMAaQBhAGEALgBwAGQAZgAPABAABwBzAHkAcwB0AGUAbQBlABIAW1VzZXJzL2phY3F1ZW1hL0xpYnJhcnkvTW9iaWxlIERvY3VtZW50cy9jb21+YXBwbGV+Q2xvdWREb2NzL0JpYmxpby9BcnRpY2xlcy9Nb2hyaTAyY2lhYS5wZGYAABMAAS8AABUAAgAP//8AAAAIAA0AGgAkAHwAAAAAAAACAQAAAAAAAAAFAAAAAAAAAAAAAAAAAAACLA==}}

@inproceedings{Mohri00epsilon,
	abstract = {We present a new generic Ɛ-removal algorithm for weighted automata and transducers defined over a semiring. The algorithm can be used with any semiring covered by our framework and works with any queue discipline adopted. It can be used in particular in the case of unweighted automata and transducers and weighted automata and transducers defined over the tropical semiring. It is based on a general shortest-distance algorithm that we briefly describe. We give a full description of the algorithm including its pseudocode and its running time complexity, discuss the more efficient case of acyclic automata, an on-the-fly implementation of the algorithm and an approximation algorithm in the case of the semirings not covered by our framework. We also illustrate the use of the algorithm with several semirings.},
	acmid = {721706},
	address = {London, UK, UK},
	author = {Mohri, Mehryar},
	booktitle = {Revised Papers from the 5th International Conference on Implementation and Application of Automata},
	date-added = {2021-04-26 16:22:43 +0200},
	date-modified = {2021-04-26 16:22:43 +0200},
	isbn = {3-540-42491-1},
	numpages = {13},
	pages = {230--242},
	publisher = {Springer-Verlag},
	series = {CIAA '00},
	title = {Generic Epsilon-Removal Algorithm for Weighted Automata},
	url = {http://dl.acm.org/citation.cfm?id=647267.721706},
	year = {2001},
	Bdsk-File-1 = {YnBsaXN0MDDSAQIDBFxyZWxhdGl2ZVBhdGhZYWxpYXNEYXRhXxBYLi4vLi4vLi4vTGlicmFyeS9Nb2JpbGUgRG9jdW1lbnRzL2NvbX5hcHBsZX5DbG91ZERvY3MvQmlibGlvL0FydGljbGVzL01vaHJpMDBlcHNpbG9uLnBkZk8RAbYAAAAAAbYAAgAAB3N5c3RlbWUAAAAAAAAAAAAAAAAAAAAAAAAAAAAAAABCRAAB/////xJNb2hyaTAwZXBzaWxvbi5wZGYAAAAAAAAAAAAAAAAAAAAAAAAAAAAAAAAAAAAAAAAAAAAAAAAAAAAAAAAAAAD/////AAAAAAAAAAAAAAAAAAMABgAACiBjdQAAAAAAAAAAAAAAAAAIQXJ0aWNsZXMAAgBgLzpVc2VyczpqYWNxdWVtYTpMaWJyYXJ5Ok1vYmlsZSBEb2N1bWVudHM6Y29tfmFwcGxlfkNsb3VkRG9jczpCaWJsaW86QXJ0aWNsZXM6TW9ocmkwMGVwc2lsb24ucGRmAA4AJgASAE0AbwBoAHIAaQAwADAAZQBwAHMAaQBsAG8AbgAuAHAAZABmAA8AEAAHAHMAeQBzAHQAZQBtAGUAEgBeVXNlcnMvamFjcXVlbWEvTGlicmFyeS9Nb2JpbGUgRG9jdW1lbnRzL2NvbX5hcHBsZX5DbG91ZERvY3MvQmlibGlvL0FydGljbGVzL01vaHJpMDBlcHNpbG9uLnBkZgATAAEvAAAVAAIAD///AAAACAANABoAJAB/AAAAAAAAAgEAAAAAAAAABQAAAAAAAAAAAAAAAAAAAjk=},
	Bdsk-Url-1 = {http://dl.acm.org/citation.cfm?id=647267.721706}}

@article{CortesMohri00CFWA,
	author = {Cortes, Corinna and Mohri, Mehryar},
	date-added = {2021-04-26 16:22:32 +0200},
	date-modified = {2021-04-26 16:22:32 +0200},
	journal = {Grammars},
	number = {2-3},
	pages = {133--150},
	publisher = {Springer},
	title = {Context-free recognition with weighted automata},
	volume = {3},
	year = {2000},
	Bdsk-File-1 = {YnBsaXN0MDDSAQIDBFxyZWxhdGl2ZVBhdGhZYWxpYXNEYXRhXxBbLi4vLi4vLi4vTGlicmFyeS9Nb2JpbGUgRG9jdW1lbnRzL2NvbX5hcHBsZX5DbG91ZERvY3MvQmlibGlvL0FydGljbGVzL0NvcnRlc01vaHJpMDBDRldBLnBkZk8RAcQAAAAAAcQAAgAAB3N5c3RlbWUAAAAAAAAAAAAAAAAAAAAAAAAAAAAAAABCRAAB/////xVDb3J0ZXNNb2hyaTAwQ0ZXQS5wZGYAAAAAAAAAAAAAAAAAAAAAAAAAAAAAAAAAAAAAAAAAAAAAAAAAAAAAAAD/////AAAAAAAAAAAAAAAAAAMABgAACiBjdQAAAAAAAAAAAAAAAAAIQXJ0aWNsZXMAAgBjLzpVc2VyczpqYWNxdWVtYTpMaWJyYXJ5Ok1vYmlsZSBEb2N1bWVudHM6Y29tfmFwcGxlfkNsb3VkRG9jczpCaWJsaW86QXJ0aWNsZXM6Q29ydGVzTW9ocmkwMENGV0EucGRmAAAOACwAFQBDAG8AcgB0AGUAcwBNAG8AaAByAGkAMAAwAEMARgBXAEEALgBwAGQAZgAPABAABwBzAHkAcwB0AGUAbQBlABIAYVVzZXJzL2phY3F1ZW1hL0xpYnJhcnkvTW9iaWxlIERvY3VtZW50cy9jb21+YXBwbGV+Q2xvdWREb2NzL0JpYmxpby9BcnRpY2xlcy9Db3J0ZXNNb2hyaTAwQ0ZXQS5wZGYAABMAAS8AABUAAgAP//8AAAAIAA0AGgAkAIIAAAAAAAACAQAAAAAAAAAFAAAAAAAAAAAAAAAAAAACSg==}}

@inproceedings{Bjorklund15best-trees,
	abstract = {We generalise a search algorithm by Mohri and Riley from strings to trees. The original algorithm takes as input a weighted automaton A over the tropical semiring, together with an integer N, and outputs N strings of minimal weight with respect to A. 
In our setting, A defines a weighted tree language, again over the tropical semiring, and the output is a set of N trees with minimal weight. We prove that the algorithm is correct, and that its time complexity is a low polynomial in N, m, n, and r, where m and n are the number of transitions and the number of states of A, respectively, and r is the maximum rank of symbols in the input alphabet.},
	author = {Bj{\"o}rklund, Johanna and Drewes, Frank and Zechner, Niklas},
	booktitle = {International Conference on Language and Automata Theory and Applications (LATA)},
	date-added = {2021-04-26 16:22:25 +0200},
	date-modified = {2021-04-26 16:22:25 +0200},
	organization = {Springer},
	pages = {97--108},
	title = {An efficient best-trees algorithm for weighted tree automata over the tropical semiring},
	year = {2015},
	Bdsk-File-1 = {YnBsaXN0MDDSAQIDBFxyZWxhdGl2ZVBhdGhZYWxpYXNEYXRhXxBaLi4vLi4vLi4vTGlicmFyeS9Nb2JpbGUgRG9jdW1lbnRzL2NvbX5hcHBsZX5DbG91ZERvY3MvQmlibGlvL0FydGljbGVzL0Jqb3JrbHVuZDE0bmJlc3QucGRmTxEBvgAAAAABvgACAAAHc3lzdGVtZQAAAAAAAAAAAAAAAAAAAAAAAAAAAAAAAEJEAAH/////FEJqb3JrbHVuZDE0bmJlc3QucGRmAAAAAAAAAAAAAAAAAAAAAAAAAAAAAAAAAAAAAAAAAAAAAAAAAAAAAAAAAP////8AAAAAAAAAAAAAAAAAAwAGAAAKIGN1AAAAAAAAAAAAAAAAAAhBcnRpY2xlcwACAGIvOlVzZXJzOmphY3F1ZW1hOkxpYnJhcnk6TW9iaWxlIERvY3VtZW50czpjb21+YXBwbGV+Q2xvdWREb2NzOkJpYmxpbzpBcnRpY2xlczpCam9ya2x1bmQxNG5iZXN0LnBkZgAOACoAFABCAGoAbwByAGsAbAB1AG4AZAAxADQAbgBiAGUAcwB0AC4AcABkAGYADwAQAAcAcwB5AHMAdABlAG0AZQASAGBVc2Vycy9qYWNxdWVtYS9MaWJyYXJ5L01vYmlsZSBEb2N1bWVudHMvY29tfmFwcGxlfkNsb3VkRG9jcy9CaWJsaW8vQXJ0aWNsZXMvQmpvcmtsdW5kMTRuYmVzdC5wZGYAEwABLwAAFQACAA///wAAAAgADQAaACQAgQAAAAAAAAIBAAAAAAAAAAUAAAAAAAAAAAAAAAAAAAJD}}

@inproceedings{BalleMohri15cai,
	abstract = {Weighted finite automata (WFA) are finite automata whose transitions and states are augmented with some weights, elements of a semiring. A WFA induces a function over strings. The value it assigns to an input string is the semiring sum of the weights of all paths labeled with that string, where the weight of a path is obtained by taking the semiring product of the weights of its constituent transitions, as well as those of its origin and destination states.},
	address = {Cham},
	author = {Balle, Borja and Mohri, Mehryar},
	booktitle = {Algebraic Informatics},
	date-added = {2021-04-26 16:22:21 +0200},
	date-modified = {2021-04-26 16:22:21 +0200},
	editor = {Maletti, Andreas},
	isbn = {978-3-319-23021-4},
	keywords = {Weighted Automata},
	pages = {1--21},
	publisher = {Springer International Publishing},
	title = {Learning Weighted Automata},
	year = {2015},
	Bdsk-File-1 = {YnBsaXN0MDDSAQIDBFxyZWxhdGl2ZVBhdGhZYWxpYXNEYXRhXxBZLi4vLi4vLi4vTGlicmFyeS9Nb2JpbGUgRG9jdW1lbnRzL2NvbX5hcHBsZX5DbG91ZERvY3MvQmlibGlvL0FydGljbGVzL0JhbGxlTW9ocmkxNWNhaS5wZGZPEQG8AAAAAAG8AAIAAAdzeXN0ZW1lAAAAAAAAAAAAAAAAAAAAAAAAAAAAAAAAQkQAAf////8TQmFsbGVNb2hyaTE1Y2FpLnBkZgAAAAAAAAAAAAAAAAAAAAAAAAAAAAAAAAAAAAAAAAAAAAAAAAAAAAAAAAAA/////wAAAAAAAAAAAAAAAAADAAYAAAogY3UAAAAAAAAAAAAAAAAACEFydGljbGVzAAIAYS86VXNlcnM6amFjcXVlbWE6TGlicmFyeTpNb2JpbGUgRG9jdW1lbnRzOmNvbX5hcHBsZX5DbG91ZERvY3M6QmlibGlvOkFydGljbGVzOkJhbGxlTW9ocmkxNWNhaS5wZGYAAA4AKAATAEIAYQBsAGwAZQBNAG8AaAByAGkAMQA1AGMAYQBpAC4AcABkAGYADwAQAAcAcwB5AHMAdABlAG0AZQASAF9Vc2Vycy9qYWNxdWVtYS9MaWJyYXJ5L01vYmlsZSBEb2N1bWVudHMvY29tfmFwcGxlfkNsb3VkRG9jcy9CaWJsaW8vQXJ0aWNsZXMvQmFsbGVNb2hyaTE1Y2FpLnBkZgAAEwABLwAAFQACAA///wAAAAgADQAaACQAgAAAAAAAAAIBAAAAAAAAAAUAAAAAAAAAAAAAAAAAAAJA}}

@article{AllauzenMohri09edit-dist,
	abstract = {The problem of computing the edit-distance between a string and a finite automaton arises in a variety of applications in computational biology, text processing, and speech recognition. 
This paper presents linear-space algorithms for computing the edit-distance between a string and an arbitrary weighted automaton over the tropical semiring, or an unambiguous weighted automaton over an arbitrary semiring. I
t also gives an efficient linear-space algorithm for finding an optimal alignment of a string and such a weighted automaton.},
	archiveprefix = {arXiv},
	author = {Cyril Allauzen and Mehryar Mohri},
	bibsource = {dblp computer science bibliography, https://dblp.org},
	biburl = {https://dblp.org/rec/bib/journals/corr/abs-0904-4686},
	date-added = {2021-04-26 16:22:05 +0200},
	date-modified = {2021-04-26 16:22:05 +0200},
	eprint = {0904.4686},
	journal = {CoRR},
	keywords = {edit distance},
	timestamp = {Wed, 07 Jun 2017 14:40:36 +0200},
	title = {Linear-Space Computation of the Edit-Distance between a String and a Finite Automaton},
	url = {http://arxiv.org/abs/0904.4686},
	volume = {abs/0904.4686},
	year = {2009},
	Bdsk-File-1 = {YnBsaXN0MDDSAQIDBFxyZWxhdGl2ZVBhdGhZYWxpYXNEYXRhXxBhLi4vLi4vLi4vTGlicmFyeS9Nb2JpbGUgRG9jdW1lbnRzL2NvbX5hcHBsZX5DbG91ZERvY3MvQmlibGlvL0FydGljbGVzL0FsbGF1emVuTW9ocmkwOWVkaXRkaXN0LnBkZk8RAdwAAAAAAdwAAgAAB3N5c3RlbWUAAAAAAAAAAAAAAAAAAAAAAAAAAAAAAABCRAAB/////xtBbGxhdXplbk1vaHJpMDllZGl0ZGlzdC5wZGYAAAAAAAAAAAAAAAAAAAAAAAAAAAAAAAAAAAAAAAAAAAAAAAD/////AAAAAAAAAAAAAAAAAAMABgAACiBjdQAAAAAAAAAAAAAAAAAIQXJ0aWNsZXMAAgBpLzpVc2VyczpqYWNxdWVtYTpMaWJyYXJ5Ok1vYmlsZSBEb2N1bWVudHM6Y29tfmFwcGxlfkNsb3VkRG9jczpCaWJsaW86QXJ0aWNsZXM6QWxsYXV6ZW5Nb2hyaTA5ZWRpdGRpc3QucGRmAAAOADgAGwBBAGwAbABhAHUAegBlAG4ATQBvAGgAcgBpADAAOQBlAGQAaQB0AGQAaQBzAHQALgBwAGQAZgAPABAABwBzAHkAcwB0AGUAbQBlABIAZ1VzZXJzL2phY3F1ZW1hL0xpYnJhcnkvTW9iaWxlIERvY3VtZW50cy9jb21+YXBwbGV+Q2xvdWREb2NzL0JpYmxpby9BcnRpY2xlcy9BbGxhdXplbk1vaHJpMDllZGl0ZGlzdC5wZGYAABMAAS8AABUAAgAP//8AAAAIAA0AGgAkAIgAAAAAAAACAQAAAAAAAAAFAAAAAAAAAAAAAAAAAAACaA==},
	Bdsk-Url-1 = {http://arxiv.org/abs/0904.4686}}

@inproceedings{Allauzen07openfst,
	author = {Allauzen, Cyril and Riley, Michael and Schalkwyk, Johan and Skut, Wojciech and Mohri, Mehryar},
	booktitle = {International Conference on Implementation and Application of Automata},
	date-added = {2021-04-26 16:22:00 +0200},
	date-modified = {2021-04-26 16:22:00 +0200},
	organization = {Springer},
	pages = {11--23},
	title = {OpenFst: A general and efficient weighted finite-state transducer library},
	year = {2007}}

@inproceedings{DAntonyAlur14SVPDA,
	abstract = {Nested words model data with both linear and hierarchical structure such as XML documents and program traces. A nested word is a sequence of positions together with a matching relation that con- nects open tags (calls) with the corresponding close tags (returns). Vis- ibly Pushdown Automata are a restricted class of pushdown automata that process nested words, and have many appealing theoretical proper- ties such as closure under Boolean operations and decidable equivalence. However, like any classical automata models, they are limited to finite alphabets. This limitation is restrictive for practical applications to both XML processing and program trace analysis, where values for individual symbols are usually drawn from an unbounded domain. With this mo- tivation, we introduce Symbolic Visibly Pushdown Automata (SVPA) as an executable model for nested words over infinite alphabets. In this model, transitions are labeled with predicates over the input alphabet, analogous to symbolic automata processing strings over infinite alpha- bets. A key novelty of SVPAs is the use of binary predicates to model relations between open and close tags in a nested word. We show how SVPAs still enjoy the decidability and closure properties of Visibly Push- down Automata. We use SVPAs to model XML validation policies and program properties that are not naturally expressible with previous for- malisms and provide experimental results for our implementation.},
	author = {D'Antoni, Loris and Alur, Rajeev},
	booktitle = {International Conference on Computer Aided Verification},
	date-added = {2021-04-26 16:21:29 +0200},
	date-modified = {2021-04-26 16:21:29 +0200},
	organization = {Springer},
	pages = {209--225},
	title = {Symbolic visibly pushdown automata},
	year = {2014},
	Bdsk-File-1 = {YnBsaXN0MDDSAQIDBFxyZWxhdGl2ZVBhdGhZYWxpYXNEYXRhXxBcLi4vLi4vLi4vTGlicmFyeS9Nb2JpbGUgRG9jdW1lbnRzL2NvbX5hcHBsZX5DbG91ZERvY3MvQmlibGlvL0FydGljbGVzL2RBbnRvbmlBbHVyMTRTVlBEQS5wZGZPEQHGAAAAAAHGAAIAAAdzeXN0ZW1lAAAAAAAAAAAAAAAAAAAAAAAAAAAAAAAAQkQAAf////8WZEFudG9uaUFsdXIxNFNWUERBLnBkZgAAAAAAAAAAAAAAAAAAAAAAAAAAAAAAAAAAAAAAAAAAAAAAAAAAAAAA/////wAAAAAAAAAAAAAAAAADAAYAAAogY3UAAAAAAAAAAAAAAAAACEFydGljbGVzAAIAZC86VXNlcnM6amFjcXVlbWE6TGlicmFyeTpNb2JpbGUgRG9jdW1lbnRzOmNvbX5hcHBsZX5DbG91ZERvY3M6QmlibGlvOkFydGljbGVzOmRBbnRvbmlBbHVyMTRTVlBEQS5wZGYADgAuABYAZABBAG4AdABvAG4AaQBBAGwAdQByADEANABTAFYAUABEAEEALgBwAGQAZgAPABAABwBzAHkAcwB0AGUAbQBlABIAYlVzZXJzL2phY3F1ZW1hL0xpYnJhcnkvTW9iaWxlIERvY3VtZW50cy9jb21+YXBwbGV+Q2xvdWREb2NzL0JpYmxpby9BcnRpY2xlcy9kQW50b25pQWx1cjE0U1ZQREEucGRmABMAAS8AABUAAgAP//8AAAAIAA0AGgAkAIMAAAAAAAACAQAAAAAAAAAFAAAAAAAAAAAAAAAAAAACTQ==}}

@inproceedings{AlurDantoni12STT,
	abstract = {Theory of tree transducers provides a foundation for understanding expressiveness and complexity of analysis problems for specification languages for transforming hierarchically structured data such as XML documents. We introduce streaming tree transducers as an analyzable, executable, and expressive model for transforming unranked ordered trees (and hedges) in a single pass. Given a linear encoding of the input tree, the transducer makes a single left-to-right pass through the input, and computes the output using a finite-state control, a visibly pushdown stack, and a finite number of variables that store output chunks that can be combined using the operations of string-concatenation and tree-insertion. We prove that the expressiveness of the model coincides with transductions definable using monadic second-order logic (MSO). We establish complexity upper bounds of ExpTime for type-checking and NExpTime for checking functional equivalence for our model. We consider variations of the basic model when inputs/outputs are restricted to strings and ranked trees, and in particular, present the model of bottom-up ranked-tree transducers, which is the first known MSO-equivalent transducer model that processes trees in a bottom-up manner.},
	acmid = {2359910},
	address = {Berlin, Heidelberg},
	author = {Alur, Rajeev and D'Antoni, Loris},
	booktitle = {Proceedings of the 39th international colloquium conference on Automata, Languages, and Programming - Volume Part II},
	date-added = {2021-04-26 16:21:19 +0200},
	date-modified = {2021-04-26 16:21:19 +0200},
	doi = {10.1007/978-3-642-31585-5_8},
	isbn = {978-3-642-31584-8},
	location = {Warwick, UK},
	numpages = {12},
	pages = {42--53},
	publisher = {Springer-Verlag},
	series = {ICALP'12},
	title = {Streaming tree transducers},
	url = {http://dx.doi.org/10.1007/978-3-642-31585-5_8},
	year = {2012},
	Bdsk-File-1 = {YnBsaXN0MDDSAQIDBFxyZWxhdGl2ZVBhdGhZYWxpYXNEYXRhXxBfLi4vLi4vLi4vTGlicmFyeS9Nb2JpbGUgRG9jdW1lbnRzL2NvbX5hcHBsZX5DbG91ZERvY3MvQmlibGlvL0FydGljbGVzL0FsdXJEQW50b25pMTJTVFRzaG9ydC5wZGZPEQHUAAAAAAHUAAIAAAdzeXN0ZW1lAAAAAAAAAAAAAAAAAAAAAAAAAAAAAAAAQkQAAf////8ZQWx1ckRBbnRvbmkxMlNUVHNob3J0LnBkZgAAAAAAAAAAAAAAAAAAAAAAAAAAAAAAAAAAAAAAAAAAAAAAAAAA/////wAAAAAAAAAAAAAAAAADAAYAAAogY3UAAAAAAAAAAAAAAAAACEFydGljbGVzAAIAZy86VXNlcnM6amFjcXVlbWE6TGlicmFyeTpNb2JpbGUgRG9jdW1lbnRzOmNvbX5hcHBsZX5DbG91ZERvY3M6QmlibGlvOkFydGljbGVzOkFsdXJEQW50b25pMTJTVFRzaG9ydC5wZGYAAA4ANAAZAEEAbAB1AHIARABBAG4AdABvAG4AaQAxADIAUwBUAFQAcwBoAG8AcgB0AC4AcABkAGYADwAQAAcAcwB5AHMAdABlAG0AZQASAGVVc2Vycy9qYWNxdWVtYS9MaWJyYXJ5L01vYmlsZSBEb2N1bWVudHMvY29tfmFwcGxlfkNsb3VkRG9jcy9CaWJsaW8vQXJ0aWNsZXMvQWx1ckRBbnRvbmkxMlNUVHNob3J0LnBkZgAAEwABLwAAFQACAA///wAAAAgADQAaACQAhgAAAAAAAAIBAAAAAAAAAAUAAAAAAAAAAAAAAAAAAAJe},
	Bdsk-File-2 = {YnBsaXN0MDDSAQIDBFxyZWxhdGl2ZVBhdGhZYWxpYXNEYXRhXxBaLi4vLi4vLi4vTGlicmFyeS9Nb2JpbGUgRG9jdW1lbnRzL2NvbX5hcHBsZX5DbG91ZERvY3MvQmlibGlvL0FydGljbGVzL0FsdXJEQW50b25pMTJTVFQucGRmTxEBvgAAAAABvgACAAAHc3lzdGVtZQAAAAAAAAAAAAAAAAAAAAAAAAAAAAAAAEJEAAH/////FEFsdXJEQW50b25pMTJTVFQucGRmAAAAAAAAAAAAAAAAAAAAAAAAAAAAAAAAAAAAAAAAAAAAAAAAAAAAAAAAAP////8AAAAAAAAAAAAAAAAAAwAGAAAKIGN1AAAAAAAAAAAAAAAAAAhBcnRpY2xlcwACAGIvOlVzZXJzOmphY3F1ZW1hOkxpYnJhcnk6TW9iaWxlIERvY3VtZW50czpjb21+YXBwbGV+Q2xvdWREb2NzOkJpYmxpbzpBcnRpY2xlczpBbHVyREFudG9uaTEyU1RULnBkZgAOACoAFABBAGwAdQByAEQAQQBuAHQAbwBuAGkAMQAyAFMAVABUAC4AcABkAGYADwAQAAcAcwB5AHMAdABlAG0AZQASAGBVc2Vycy9qYWNxdWVtYS9MaWJyYXJ5L01vYmlsZSBEb2N1bWVudHMvY29tfmFwcGxlfkNsb3VkRG9jcy9CaWJsaW8vQXJ0aWNsZXMvQWx1ckRBbnRvbmkxMlNUVC5wZGYAEwABLwAAFQACAA///wAAAAgADQAaACQAgQAAAAAAAAIBAAAAAAAAAAUAAAAAAAAAAAAAAAAAAAJD},
	Bdsk-Url-1 = {http://dx.doi.org/10.1007/978-3-642-31585-5_8}}

@inproceedings{Veanes12transducers,
	author = {Veanes, Margus and Hooimeijer, Pieter and Livshits, Benjamin and Molnar, David and Bjorner, Nikolaj},
	booktitle = {ACM SIGPLAN Notices},
	date-added = {2021-04-26 16:19:46 +0200},
	date-modified = {2021-04-26 16:19:46 +0200},
	number = {1},
	organization = {ACM},
	pages = {137--150},
	title = {Symbolic finite state transducers: Algorithms and applications},
	volume = {47},
	year = {2012},
	Bdsk-File-1 = {YnBsaXN0MDDSAQIDBFxyZWxhdGl2ZVBhdGhZYWxpYXNEYXRhXxBaLi4vLi4vLi4vTGlicmFyeS9Nb2JpbGUgRG9jdW1lbnRzL2NvbX5hcHBsZX5DbG91ZERvY3MvQmlibGlvL0FydGljbGVzL1ZlYW5lczEyc3ltYm9saWMucGRmTxEBvgAAAAABvgACAAAHc3lzdGVtZQAAAAAAAAAAAAAAAAAAAAAAAAAAAAAAAEJEAAH/////FFZlYW5lczEyc3ltYm9saWMucGRmAAAAAAAAAAAAAAAAAAAAAAAAAAAAAAAAAAAAAAAAAAAAAAAAAAAAAAAAAP////8AAAAAAAAAAAAAAAAAAwAGAAAKIGN1AAAAAAAAAAAAAAAAAAhBcnRpY2xlcwACAGIvOlVzZXJzOmphY3F1ZW1hOkxpYnJhcnk6TW9iaWxlIERvY3VtZW50czpjb21+YXBwbGV+Q2xvdWREb2NzOkJpYmxpbzpBcnRpY2xlczpWZWFuZXMxMnN5bWJvbGljLnBkZgAOACoAFABWAGUAYQBuAGUAcwAxADIAcwB5AG0AYgBvAGwAaQBjAC4AcABkAGYADwAQAAcAcwB5AHMAdABlAG0AZQASAGBVc2Vycy9qYWNxdWVtYS9MaWJyYXJ5L01vYmlsZSBEb2N1bWVudHMvY29tfmFwcGxlfkNsb3VkRG9jcy9CaWJsaW8vQXJ0aWNsZXMvVmVhbmVzMTJzeW1ib2xpYy5wZGYAEwABLwAAFQACAA///wAAAAgADQAaACQAgQAAAAAAAAIBAAAAAAAAAAUAAAAAAAAAAAAAAAAAAAJD}}
